2290 3568
123 158 170 203 204
361 155 390 204 P.
412 156 563 203 VERGILI
581 155 747 205 MABONIS

122 235 190 288 Illae
208 241 306 302 autern,
325 235 435 304 paribus
454 252 520 302 quas
537 236 640 303 fulgere
658 239 745 290 cernis
764 241 790 291 irr
809 243 897 309 amris,

122 313 276 366 Concordes
295 313 399 365 animae
416 328 486 364 nunc
504 319 533 364 et
551 313 616 366 dum
635 319 713 368 nocte
730 323 897 384 premuntur,

123 391 186 442 Heu
205 393 335 456 quantum
353 389 426 440 iuter
443 405 472 440 se
491 389 599 456 bellum,
618 392 640 443 si
659 392 759 444 lumina
777 394 850 448 vitae

123 466 284 533 Attigerint,
304 468 420 532 quantas
438 466 510 517 acies
530 470 705 534 stragemque
723 468 847 525 ciebunt!

123 542 277 609 Aggeribus
296 557 372 593 socer
393 541 500 608 Alpinis
519 547 602 610 atque
620 560 683 597 arce
703 545 828 601 Monoeci
941 564 977 602 stro

123 619 304 684 Descendens,
323 635 407 685 gener
426 618 547 672 adversis
566 620 715 674 instructus
734 623 805 676 Eois.

123 696 172 762 Ne,
190 696 274 763 pueri,
293 711 327 747 rre
345 698 423 747 tanta
441 695 536 748 animis
555 696 708 750 adsuescite
726 697 806 766 bellu,

123 773 147 824 N
150 789 183 824 eu
202 773 307 840 patriae
325 771 428 824 validas
447 772 473 824 in
493 772 596 826 viscera
614 775 712 827 vertite
731 775 809 840 riris;

122 849 217 917 Tuque
234 849 315 916 prior,
335 852 365 901 tu
383 865 471 916 parce,
490 864 577 916 genus
595 850 642 918 qui
662 849 737 902 ducis
755 851 878 920 Olympo,

124 925 227 978 l'roiice
246 926 301 978 tela
320 943 408 988 rrrauu,
429 925 538 993 sanguis
559 930 686 978 rrreusl—
938 942 975 980 sss

123 1001 173 1054 Ille
193 1003 358 1070 triumphata
378 1003 512 1070 Capitolia
531 1002 566 1054 ad
583 1003 639 1055 alta
659 1003 790 1056 Corintho

123 1077 218 1130 Victor
236 1083 299 1145 aget
318 1095 433 1144 currum,
453 1078 539 1131 caesis
557 1079 669 1145 insignis
688 1079 805 1132 Achivis.

123 1151 208 1206 Eruet
226 1154 271 1207 ille
291 1156 381 1220 Argos
402 1154 687 1223 Agamemnoniasque
706 1154 840 1222 Mycenas,

122 1226 270 1298 Ipsumque
290 1229 436 1295 Aeaciden,
455 1247 541 1296 genus
560 1231 749 1297 arrrripoterrtis
769 1231 877 1295 Achilli,

122 1305 203 1358 Ultus
221 1323 284 1359 avos
303 1306 405 1369 Troiae,
425 1306 528 1372 templa
546 1311 576 1358 ct
595 1311 728 1359 bernerum
747 1307 892 1360 Minervae.
937 1324 973 1362 ero

122 1383 188 1449 Quis
201 1386 235 1444 te,
248 1399 345 1449 magne
359 1381 433 1444 Cato,
452 1383 573 1446 tacitum,
592 1387 640 1434 aut
658 1386 693 1447 te,
712 1384 801 1449 Cossc,
820 1384 972 1452 relirrquatl

122 1455 187 1521 Quis
207 1457 320 1510 Gracchi
338 1474 432 1525 genus,
451 1461 499 1510 aut
517 1459 646 1525 geminos,
666 1459 720 1510 duo
738 1460 850 1512 fulmina
869 1459 938 1522 belli,

121 1533 267 1601 Scipiadas,
286 1533 391 1586 cladem
412 1533 520 1602 Libyae,
539 1551 676 1603 parvoque
695 1541 833 1604 potentem

123 1609 282 1672 Fabricium,
302 1610 343 1662 rel
364 1613 391 1663 te
411 1610 491 1674 sulco,
512 1611 635 1677 Serrane,
655 1615 810 1666 serenteml

121 1686 180 1750 Quo
198 1687 298 1738 fessum
318 1687 420 1756 rapitis,
443 1687 536 1740 habiit
555 1692 586 1740 tu
605 1688 750 1740 Maxumus
768 1689 814 1741 ille
832 1705 868 1754 cs,
937 1704 973 1741 srs

122 1762 198 1815 Unus
217 1764 263 1830 qui
282 1763 358 1816 uobis
377 1764 528 1816 cunctando
548 1765 670 1816 restituis
688 1781 752 1816 rem.

122 1838 264 1892 Excudent
284 1840 328 1890 alii
348 1840 478 1907 spirantia
497 1839 602 1904 mollius
621 1856 689 1901 aera,

120 1915 209 1967 Credo
228 1915 363 1981 equidem,
381 1915 454 1965 vivos
473 1915 574 1966 ducent
591 1915 626 1966 de
645 1931 779 1967 marmore
799 1917 892 1976 roltrrs,

120 1989 246 2042 Oraburrt
264 2007 370 2043 caussas
390 1989 493 2055 melius,
512 1990 633 2056 caelique
651 1996 756 2042 irrentus

121 2065 281 2119 Describent
300 2066 375 2118 radio
395 2069 423 2118 et
442 2065 581 2132 surgentia
599 2065 688 2118 sidera
706 2066 811 2120 dicent:
936 2083 973 2120 ero

120 2143 160 2194 'lu
179 2159 274 2206 regere
293 2142 396 2210 inperio
414 2143 533 2210 populos,
554 2142 683 2210 Romane,
702 2149 852 2208 memento,

122 2219 182 2271 Hae
201 2219 251 2270 tihi
271 2224 351 2271 eruut
370 2223 456 2283 artes,
475 2219 603 2287 pacisque
623 2220 750 2289 inponere
768 2237 878 2284 morem,

121 2295 237 2348 Parcere
255 2294 390 2359 subiectis,
410 2299 438 2348 et
457 2295 594 2348 debellare
613 2296 749 2363 superbos.

155 2370 199 2424 Sic
217 2374 295 2438 pater
315 2371 452 2434 Anchises,
472 2376 554 2437 abque
573 2371 639 2424 haec
657 2370 818 2422 mirantibus
836 2369 928 2422 addit:

122 2447 228 2514 Aspice,
248 2449 279 2497 ut
294 2445 407 2512 insignis
426 2447 518 2513 spoliis
538 2446 682 2498 Marcellus
699 2445 796 2512 opimis
935 2461 971 2499 cst

122 2521 286 2588 ingreditur,
306 2522 444 2588 victorque
463 2523 534 2574 viros
554 2522 738 2588 supereminet
756 2521 855 2576 omnis!

123 2599 176 2651 Hic
191 2614 248 2650 rem
269 2597 426 2661 itomanam,
446 2613 544 2664 magno
564 2597 692 2650 turbante
712 2597 838 2662 tumultu,

121 2675 213 2741 sistet,
231 2691 315 2742 eques
334 2678 439 2727 sternet
459 2674 562 2727 Poenos
581 2673 744 2745 Gallumque
763 2674 899 2738 rebellem,

121 2751 267 2818 Ter-linque
286 2767 361 2804 arma
378 2752 449 2820 patri
469 2752 617 2819 suspendet
636 2755 716 2820 capta
734 2751 854 2816 Quirino.

122 2831 216 2896 Atque
234 2828 277 2882 hic
297 2831 419 2894 Acucas;
437 2846 490 2882 una
508 2845 624 2896 namque
643 2829 683 2881 ire
702 2829 814 2881 ridebat
936 2840 973 2878 sco

122 2905 267 2974 Egregium
287 2906 373 2958 forma
389 2907 513 2958 iuuenem
533 2909 561 2958 et
579 2905 745 2971 fulgentibus
764 2905 853 2970 armis,

121 2981 177 3035 Sed
195 2981 268 3036 frons
286 2983 358 3036 lacta
376 2999 480 3050 parurn,
497 2985 527 3035 et
545 2982 650 3036 deiecto
669 2981 770 3034 lumina
788 2980 876 3033 voltu:

122 3059 195 3124 Quis,
213 3063 299 3127 pater,
318 3060 370 3125 ille,
389 3061 476 3113 virum
495 3059 541 3128 qui
560 3058 597 3112 sic
615 3058 763 3112 comitatur
781 3056 909 3110 cuntemi

123 3135 214 3202 Filius,
233 3154 302 3190 aune
321 3137 419 3206 aliquis
437 3153 535 3204 magna
553 3137 588 3190 de
607 3137 692 3204 stirpe
709 3134 857 3202 nepoturni

122 3212 188 3279 Quis
200 3215 332 3285 strepitus
351 3215 422 3271 circa
439 3213 580 3268 comitum!
601 3215 732 3284 quantum
751 3210 837 3266 instar
855 3209 882 3262 irr
900 3206 971 3279 ipso!
