2268 3570
429 141 610 190 sanaruos
628 141 697 189 ma.
717 139 767 188 rx.
979 145 1025 190 aa
1100 199 1102 204 ¹

178 226 335 297 increpuit3
359 229 484 296 sequitur
502 230 611 298 clamor,
629 229 789 298 caelumque
807 231 933 299 remugit.

176 304 344 358 Adcelerant
361 309 422 358 acta
439 307 544 374 pariter
561 306 702 360 testudine
721 307 827 372 Volsei;
990 323 1026 362 sos

175 380 212 433 Et
230 381 316 434 fossas
333 381 437 449 inplere
456 384 554 448 parant
572 399 603 435 ac
622 383 723 435 vellere
741 383 851 436 vallum.

175 456 316 519 Quaerunt
333 473 397 525 pars
414 457 529 521 aditum,
548 461 577 511 et
595 458 673 512 scalis
691 458 839 512 ascendere
857 475 953 522 muros,

175 532 234 596 Qua
251 550 313 586 rara
332 537 374 587 cst
391 535 462 587 acies
480 533 681 603 interlucetque
699 551 798 588 corona

174 609 236 663 Non
255 613 312 662 tam
331 609 418 676 spissa
435 611 509 664 viris.
545 611 671 664 Telorum
690 612 829 665 effundere
848 615 943 666 contra

174 685 261 740 Omne
279 703 365 753 genus
384 687 480 740 Teucri
498 704 530 741 ac
548 688 624 742 duris
643 687 793 742 detrudere
811 687 905 751 contis,
987 705 1023 743 sio

174 762 293 818 Adsucti
311 765 392 832 longo
410 781 503 817 muros
521 764 670 817 defendere
688 764 768 817 bello.
983 819 985 822 ,

173 837 244 892 saxa
263 856 371 908 quoque
389 839 490 892 infesto
508 839 654 893 volvebant
671 839 800 908 pondere,
819 839 841 892 si
860 856 914 908 qua

174 914 289 968 Possent
306 918 408 968 tectam
427 916 512 968 aciem
530 932 716 983 perrumpere,
734 931 795 968 eum
814 919 906 968 tamen
925 919 1013 970 omnis

173 990 257 1044 Ferre
276 991 351 1044 iuvat
370 990 465 1044 subter
483 990 569 1044 densa
586 991 726 1044 testudine
743 1007 828 1044 casus.

172 1066 231 1119 Nec
248 1067 302 1120 iam
321 1067 466 1120 sufficiunt.
500 1068 571 1120 Nam
590 1084 644 1136 qua
661 1066 757 1134 globus
775 1067 900 1121 imminet
916 1068 1019 1135 ingens,

174 1142 313 1196 inmanem
332 1143 429 1196 Teucri
447 1143 546 1197 molem
563 1143 730 1211 volvuntque
747 1146 893 1212 ruuntque,

172 1219 247 1283 Quae
266 1219 363 1272 stravit
382 1219 500 1272 Rutulos
518 1220 581 1286 late,
600 1235 792 1288 armorumque
810 1219 922 1274 resolvit

171 1295 308 1364 Tegmina
344 1296 403 1350 Nec
420 1299 517 1350 curant
535 1313 615 1350 cacco
633 1295 799 1350 contendere
818 1295 908 1348 Marte

172 1373 298 1441 Amplius
317 1371 434 1426 audaces
454 1372 558 1440 Rutuli,
577 1372 626 1426 sed
644 1372 747 1441 pellere
765 1371 834 1424 vallo

171 1447 322 1502 Missilibus
341 1452 454 1503 certant.
983 1465 1019 1504 sao

172 1524 254 1577 Parte
272 1523 326 1576 alia
342 1525 496 1578 horrendus
515 1526 574 1578 visu
593 1524 741 1591 quassabat
760 1525 902 1578 Etruscam

171 1599 276 1652 Pinum¹
288 1603 317 1652 et
335 1599 477 1654 fumiferos
495 1601 579 1654 infert
598 1601 752 1654 Mezentius
769 1601 855 1667 ignis3

171 1677 212 1729 At
230 1676 373 1744 Messapus
391 1692 492 1743 equum
511 1675 638 1742 domitor,
658 1677 798 1743 Neptunia
815 1677 913 1744 proles,

170 1751 313 1808 Rescindit
330 1751 431 1804 vallum
450 1755 479 1805 et
497 1752 582 1805 scalas
600 1753 627 1804 in
646 1751 753 1804 moenio
771 1752 864 1819 poscit.

204 1827 269 1893 Vos,
287 1845 303 1880 o
323 1827 452 1896 Calliope,
472 1844 578 1896 precor,
596 1827 736 1896 adspirate
754 1827 870 1892 canenti,
980 1845 1016 1882 sas

170 1905 243 1969 Quas
261 1904 299 1957 ibi
318 1909 378 1958 tum
396 1904 470 1958 ferro
489 1908 603 1972 strages
623 1921 693 1972 quae
711 1904 806 1956 funera
824 1904 930 1957 Turnus

169 1981 304 2048 lididerit,
324 1997 406 2049 quem
425 1981 540 2050 quisque
558 1981 647 2034 virum
666 1979 808 2034 demiserit
827 1979 913 2045 Orco;

169 2057 205 2110 m
223 2074 329 2110 meeum
347 2057 466 2124 ingentis
484 2074 545 2111 oras
563 2057 680 2111 evolvite
699 2055 770 2109 belli.

168 2132 217 2202 [m
234 2133 396 2186 meministis
414 2134 494 2200 enim,
513 2133 599 2199 divae,
618 2136 647 2186 et
665 2148 816 2184 memorare
834 2132 970 2200 potestis]

147 2264 149 2268 ,
202 2210 296 2262 Turris
315 2212 375 2262 erat
387 2213 465 2263 vasto
483 2213 611 2278 suspectu
630 2212 659 2262 et
676 2207 805 2276 pontibus
823 2209 891 2273 altis,
981 2225 1015 2264 sao

168 2286 330 2354 Opportuna
347 2285 421 2348 loco;
446 2286 559 2339 summis
578 2302 659 2353 quarn
678 2283 782 2336 viribus
800 2301 891 2339 omnes

169 2363 333 2430 Expugnare
353 2362 417 2415 Itali
436 2378 596 2430 summaque
614 2365 740 2414 evertere
758 2377 839 2428 opum
857 2361 884 2414 vi

168 2439 324 2505 Certabant,
343 2438 426 2491 Troes
444 2441 539 2492 contra
557 2437 706 2491 defendere
724 2437 796 2490 saxis

170 2515 275 2583 Perque
293 2531 372 2568 cavas
390 2515 467 2568 densi
486 2515 543 2568 tela
559 2514 716 2582 intorquere
734 2513 876 2567 fenestras.

169 2591 298 2660 Princeps
316 2591 459 2644 ardentem
477 2591 592 2644 coniecit
609 2589 736 2657 lampada
755 2589 868 2657 Turnus,
980 2605 1015 2644 sss

169 2667 202 2719 m
220 2666 355 2719 flammam
374 2667 471 2720 adfixit
488 2666 583 2730 lateri;
607 2681 677 2734 quae
695 2665 812 2732 plurima
830 2669 910 2720 vento

167 2743 306 2810 Corripuit
324 2743 433 2796 tabulas
452 2746 481 2796 et
499 2742 623 2810 postibus
641 2740 731 2793 haesit
749 2741 846 2794 adesis.

166 2818 279 2871 Turbati
297 2818 438 2886 trepidare
455 2818 536 2884 intus,
554 2819 711 2886 frustraque
729 2817 861 2870 malorum

168 2894 246 2948 Velle
265 2893 365 2961 fugam.
402 2893 475 2947 Dum
494 2912 523 2948 se
541 2894 703 2962 glomerant,
722 2897 851 2962 retroque
870 2895 997 2950 residunt

167 2969 200 3022 ln
218 2974 332 3038 partem,
352 2985 422 3038 quae
440 2973 519 3037 peste
535 2973 618 3036 caret,
637 2973 697 3023 tum
715 2968 837 3036 pondere
856 2971 942 3024 turris
978 2989 1015 3026 sw
1050 2985 1051 2990 ’

167 3045 315 3099 Procubuit
334 3045 431 3111 subito,
451 3049 479 3100 et
497 3046 602 3099 caelum
620 3049 698 3099 tonat
716 3061 795 3096 ornne
812 3045 928 3112 fragore.

165 3121 320 3176 Semineces
338 3121 374 3174 ad
392 3123 503 3188 terram,
521 3122 622 3174 inmani
639 3121 710 3174 mole
728 3124 829 3184 secuta,

107 3217 112 3225 ¹
165 3197 326 3316 Conliqxlique
345 3198 400 3251 suis
419 3187 481 3251 telis
500 3202 529 3253 et
547 3201 660 3268 pectora
678 3197 746 3250 duro
