2290 3568
116 158 163 206 224
351 155 378 204 P.
398 155 554 204 VERGILI
570 155 738 205 MARONIS

54 297 57 305 ,
112 237 220 306 Agmen
238 253 321 306 agens
340 237 454 290 Clausus
472 235 618 305 magnique
636 237 694 305 ipse
713 237 827 306 maurinis
845 239 938 308 instar,

111 313 226 368 Claudia
243 331 314 366 nune
332 331 348 366 a
366 330 421 382 quo
440 313 603 366 diffunditur
620 319 649 367 et
667 314 756 367 tribus
773 319 803 368 et
819 332 888 384 gens

112 389 166 444 Per
191 391 305 457 Latium,
324 394 469 458 postquam
487 390 515 442 in
532 394 639 458 partem
658 390 724 444 data
743 391 830 444 Roma
848 392 962 446 Sabinis

111 467 172 520 Una
190 468 284 536 ingens
303 467 450 520 Amiterna
467 467 564 520 cohors
581 467 719 536 priscique
738 469 866 534 Quirites,
928 483 964 523 tro

71 610 76 624 Ι
111 543 186 598 Ereti
205 560 300 596 manus
318 544 404 596 omnis
422 543 615 611 oliviferaeque
634 544 790 608 Mutuscae;

111 619 163 684 Qui
181 619 347 672 Nomentum
366 619 470 688 urbem,
488 619 535 686 qui
554 619 643 672 Rosea
660 635 726 672 rura
743 619 841 686 Velini,

111 697 162 761 Qui
181 695 304 749 Tetricae
324 696 459 748 horrentis
478 712 560 764 rupes
579 699 754 764 montemque
773 696 904 749 Serenam
967 727 973 736 ·

111 772 322 841 Casperiamque
340 771 431 826 colunt
451 772 617 840 Forulosque
636 776 665 825 et
689 771 789 824 flumen
812 772 965 830 Himella03

111 849 162 914 Qui
176 848 295 902 Tiberim
310 847 491 917 Fabarimque
503 848 609 915 bibunt,
626 865 694 916 ques
705 848 807 917 frigida
817 849 893 903 misit
927 863 964 903 715

109 924 215 991 Nursia,
233 929 263 978 et
283 925 416 980 Hortinae
434 926 534 980 classes
551 925 700 994 populique
719 925 825 991 Latini;

110 1001 238 1071 Quosque
256 1019 350 1056 secans
368 1003 516 1056 infaustum
534 1002 657 1055 interluit
676 1001 749 1054 Allia
762 1019 873 1058 nomen:

110 1077 197 1143 Quam
215 1080 294 1132 multi
313 1079 414 1148 Libyco
431 1079 577 1132 volvuntur
594 1095 729 1131 marmore
747 1078 854 1146 fluctus,

110 1155 212 1209 Saevus
230 1155 277 1208 ubi
298 1155 381 1208 Orion
400 1155 520 1208 hibernis
539 1155 665 1208 conditur
683 1153 779 1218 undis;

109 1231 162 1286 Vel
180 1248 242 1285 eum
260 1232 316 1284 sole
333 1248 402 1284 novo
420 1231 522 1285 densae
539 1235 681 1284 torrentur
698 1231 807 1298 aristae,
927 1245 964 1286 tae

110 1311 170 1362 Aut
189 1307 287 1360 Hermi
304 1323 406 1376 eampo,
424 1311 471 1360 aut
490 1307 587 1375 Lyciae
606 1306 769 1360 flaventibus
787 1307 865 1360 arvis.

110 1384 195 1439 Scuta
212 1387 316 1450 sonant,
336 1383 471 1452 pulsuque
488 1383 589 1452 pedum
608 1383 757 1437 conterrita
775 1383 864 1436 tellus.

146 1461 218 1514 Hine
238 1460 476 1528 Agamemnonius,
494 1459 602 1514 Troiani
620 1461 735 1514 nominis
753 1459 848 1527 hostis,

111 1536 200 1590 Curru
217 1536 305 1604 iungit
324 1536 459 1590 Halaesus
477 1553 569 1606 equos,
588 1537 733 1605 Turnoque
751 1535 849 1589 ferocis

111 1613 186 1668 Mille
204 1614 276 1681 rapit
293 1613 413 1682 populos,
433 1616 546 1667 vertunt
562 1613 653 1667 felicia
671 1611 778 1666 Baccho
927 1625 964 1667 aa

111 1690 226 1745 Massica
244 1691 291 1759 qui
309 1691 412 1756 rastris,
431 1694 460 1744 et
478 1707 546 1759 quos
564 1691 600 1744 de
618 1689 734 1744 collibus
749 1685 814 1742 altis

112 1769 233 1822 Aurunci
250 1769 349 1821 misere
367 1770 461 1835 patres
479 1766 653 1836 Sidicinaque
671 1767 750 1820 iuxta

111 1845 248 1912 Aequora,
267 1844 368 1912 quique
387 1843 467 1896 Cales
483 1843 617 1912 linquunt,
636 1843 777 1912 amnisque
795 1841 889 1896 vadosi

111 1919 212 1974 Accola
231 1919 364 1986 Voltumi‚
383 1919 541 1987 pariterque
559 1919 696 1972 Saticulus
712 1936 793 1988 asper

111 1996 296 2064 Oscorumque
314 2012 418 2048 manus.
453 1995 567 2049 Teretes
585 1999 649 2048 sunt
667 1995 776 2063 aclydes
792 1994 847 2047 illis
926 2007 964 2048 m

110 2072 190 2138 Tela;
208 2071 258 2124 sed
275 2072 342 2125 haee
359 2072 434 2125 leuto
452 2088 511 2124 mos
530 2075 573 2126 est
590 2075 686 2140 aptare
703 2071 816 2140 flagello.

110 2149 215 2202 laevas
232 2151 307 2202 cetra
325 2149 409 2217 tegit3
427 2148 519 2202 falcati
537 2149 686 2202 comminus
704 2165 789 2202 enses.

145 2225 170 2278 N
172 2243 203 2280 ee
220 2229 252 2280 tu
270 2225 435 2279 carminibus
451 2226 554 2278 nostris
571 2226 689 2279 indictus
707 2224 802 2292 abibis,

111 2301 221 2370 Oebale,
240 2319 321 2370 quem
338 2318 483 2370 generasse
503 2302 586 2356 Telon
604 2301 753 2356 Sebethide
770 2299 889 2370 nympha

111 2379 219 2445 Fertur,
238 2377 384 2431 Teleboum
403 2378 522 2445 Capreas
539 2395 600 2432 oum
618 2395 703 2444 regna
720 2381 836 2444 teneret,
926 2389 963 2431 7³⁵

111 2456 169 2509 lam
189 2455 293 2517 senior;
310 2455 406 2521 patriis
424 2454 546 2506 sednon
564 2458 593 2507 et
611 2454 682 2506 filius
699 2455 770 2506 arvis

111 2532 263 2586 Contentus
280 2529 337 2582 late
354 2529 408 2582 iam
426 2533 486 2582 tum
504 2529 610 2583 dicione
628 2528 771 2598 premebat

111 2608 242 2661 Sarrastis
260 2606 374 2674 populos
392 2609 421 2658 et
440 2622 510 2673 quae
527 2605 600 2674 rigat
618 2622 738 2673 aequora
756 2605 865 2673 Sarnus,

111 2684 218 2752 Quique
228 2683 327 2734 Rufras
335 2682 519 2750 Batulumque
528 2685 624 2736 tenent
632 2684 716 2750 atque
728 2698 794 2734 arra
807 2682 961 2748 Celemnae,

110 2759 146 2814 Et
165 2775 232 2828 quos
250 2758 388 2812 maliferae
407 2758 568 2827 despectant
585 2757 692 2811 moenia
711 2758 833 2826 Abellae,
925 2773 962 2814 ura

110 2835 257 2889 Teutonico
275 2833 332 2888 ritu
351 2834 422 2887 soliti
441 2839 570 2903 torquere
588 2834 704 2900 cateias3

110 2912 240 2980 Tegmina
257 2910 319 2980 quis
337 2911 455 2978 capitum
473 2915 569 2979 raptus
587 2911 622 2966 de
640 2911 737 2965 subere
755 2915 857 2979 cortex,

111 2990 286 3055 Aerataeque
304 2987 405 3040 micant
422 2987 519 3056 peltae,
538 2989 620 3042 micat
637 3005 734 3042 aereus
752 2989 829 3041 cusis

145 3065 181 3118 Ilt
199 3068 228 3118 te
246 3067 386 3117 montosae
404 3064 502 3117 misere
520 3065 547 3117 in
565 3065 668 3132 proelia
686 3065 798 3132 Nersae,

111 3141 205 3207 Ufens,
223 3140 356 3209 insignem
373 3141 446 3193 fama
464 3145 492 3194 et
509 3141 633 3194 felicibus
651 3142 746 3204 armis;
925 3152 963 3194 w

111 3217 233 3271 Horrida
250 3217 394 3286 praecipue
412 3217 455 3270 cui
473 3234 548 3286 gens,
566 3218 735 3286 adsuetaque
752 3216 839 3272 multo
