2290 3568
150 137 197 184 234
387 135 416 184 P.
437 135 590 184 vulsella
614 135 785 183 MARONIS

150 218 298 271 Servavere
318 217 396 284 diem,
414 217 574 285 primusque
594 215 711 269 Potitius
730 220 826 270 auctor
991 277 994 282 ,

150 293 186 347 nt
205 294 301 346 domus
320 293 450 346 Herculei
468 296 559 345 eustos
578 291 688 344 Pinaria
707 292 782 345 sacri.
966 309 1003 349 270

151 370 229 442 Hanc
247 385 322 422 aram
340 367 401 421 lueo
420 368 524 435 statuit,
544 385 613 436 quae
632 368 762 421 Maxuma
781 385 890 437 semper

150 446 263 500 Dicetur
280 445 365 510 nobis,
385 445 485 498 eterit
504 462 573 512 quae
592 461 719 498 maxmna
737 461 849 514 semper

150 523 240 586 Quare
257 521 337 590 agite,
357 539 372 574 o
390 523 508 589 iuvenca,
528 526 667 575 tantarum
686 521 713 573 in
732 539 843 576 munere
861 522 985 586 laudum,

150 599 259 668 Cingite
276 599 374 652 fronde
392 615 482 651 comas
501 602 529 651 ct
547 597 643 666 pocula
661 598 769 666 porgite
788 597 893 652 dextris

150 677 380 744 Communemque
395 678 489 728 vocate
506 674 588 728 deum
603 679 632 728 et
647 675 711 728 date
727 675 788 728 vina
803 675 931 730 volentes.
965 693 1001 732 aas

149 751 277 806 Dixerat:
304 752 440 805 Herculea
458 751 560 805 bicolor
578 769 639 806 cum
658 751 774 820 populus
791 751 888 806 umbra

149 827 312 897 Velavitque
331 845 421 881 comas
438 828 564 896 foliisque
583 829 683 881 innexa
701 829 840 898 pependit,

148 905 184 959 llt
201 923 277 959 sacer
294 905 408 974 inplevit
427 904 553 958 dextram
572 905 695 972 scyphus.
736 905 818 959 Ocius
836 918 933 959 omnes

149 982 181 1034 In
200 999 321 1038 mensam
339 983 404 1035 laeti
422 981 508 1034 libant
528 981 659 1050 divosque
679 985 831 1050 precantur.

181 1059 292 1114 Devexo
310 1061 415 1113 interea
433 1059 543 1127 propior
561 1059 593 1110 fit
613 1057 720 1127 Vesper
739 1059 867 1128 Olympo:
964 1075 1000 1114 aaa

148 1135 262 1204 lamque
281 1137 437 1189 sacerdotes
455 1136 613 1203 primusque
633 1135 751 1188 Potitius
769 1135 853 1204 ibant,

149 1212 268 1266 Pellibus
286 1212 314 1264 in
332 1229 435 1264 morem
454 1212 543 1277 cincti,
561 1211 737 1280 flammasque
754 1211 887 1266 ferebant.

149 1289 306 1342 Instaurant
325 1289 425 1356 epulas,
445 1292 474 1340 et
491 1305 601 1340 mensae
619 1291 699 1356 grata
719 1288 854 1342 secundae

149 1365 225 1418 Dona
243 1364 341 1429 ferunt,
360 1365 553 1432 cumulantque
573 1365 691 1418 oneratis
711 1364 832 1418 lancibus
851 1382 919 1419 aras.

146 1441 214 1495 'rum
233 1441 298 1495 Salii
316 1441 352 1494 ad
370 1444 466 1493 cantus
483 1441 592 1494 incensa
610 1441 708 1494 altaria
726 1441 827 1493 circum
962 1457 998 1496 000

147 1518 274 1586 Populois
292 1517 392 1570 adsunt
411 1517 510 1570 evincti
529 1521 653 1585 tempora
671 1517 760 1584 remia,

147 1595 200 1648 lIic
217 1595 345 1660 iuvenum
364 1595 468 1659 chorus,
486 1593 532 1646 ille
551 1610 660 1657 senum;
681 1593 728 1662 qui
746 1595 866 1648 carmine
884 1595 980 1649 laudes

148 1671 296 1725 llerculeas
315 1675 344 1725 et
361 1672 435 1724 faeta
452 1671 558 1724 ferunt:
578 1675 610 1722 nt
628 1670 715 1738 prima
733 1687 865 1724 novercae

146 1747 269 1801 Monstra
287 1765 368 1801 manu
386 1748 563 1816 geminosque
581 1763 707 1815 premens
726 1747 829 1800 eliserit
846 1749 955 1816 angnis3

148 1825 185 1878 Ut
203 1825 274 1878 bello
293 1825 417 1892 egregias
435 1825 508 1878 idern
528 1824 666 1877 disiecerit
684 1823 773 1890 urbes,
962 1839 997 1879 aaa

145 1899 306 1970 Troiamque
326 1901 552 1969 Oechaliamque3
574 1905 605 1954 ut
624 1901 706 1953 duros
724 1900 798 1954 mille
816 1901 923 1955 labores

146 1977 221 2045 ltege
240 1979 290 2031 sub
310 1978 470 2045 Eurystheo,
491 1979 555 2032 fatis
576 1977 688 2030 Iunonis
706 1977 821 2045 iniquae,

146 2053 304 2109 Pertulerit.
343 2055 383 2107 'lu
401 2053 559 2122 nubigenas,
578 2055 684 2119 invicte,
704 2053 870 2122 bimembris,

149 2130 336 2199 llylaeurnque
356 2131 533 2199 Pholumque,
551 2147 641 2197 rnanu,
660 2133 693 2183 tu
712 2129 806 2183 Cresia
822 2133 927 2184 mactas

147 2207 273 2274 Prodigia
291 2213 320 2261 et
338 2211 445 2262 vastum
464 2207 585 2260 Nemeae
604 2207 654 2260 sab
673 2223 741 2275 rupe
759 2207 871 2260 leonem.
960 2224 997 2262 aaa

144 2283 182 2336 'le
201 2283 287 2353 Stygii
306 2288 445 2337 tremuere
463 2285 544 2350 lacus,
562 2287 591 2338 te
609 2285 709 2338 ianitor
728 2283 791 2337 Orei

145 2360 213 2414 Ossa
232 2377 313 2429 super
330 2362 464 2414 recubans
483 2364 562 2414 antro
581 2362 695 2414 semiesa
714 2365 840 2426 eruento;

145 2437 202 2490 Nee
220 2441 249 2490 te
267 2437 339 2490 ullae
357 2436 446 2504 facies,
465 2453 519 2488 non
537 2438 638 2489 terruit
656 2439 714 2504 ipse
734 2437 883 2504 Typhoeus,

145 2513 257 2566 Arduus
275 2530 351 2566 arma
369 2517 479 2577 tenens;
499 2529 552 2565 non
570 2517 600 2566 te
619 2513 732 2566 rationis
751 2517 876 2579 egentem
967 2531 968 2536 ¹

146 2589 282 2643 Lernaeus
299 2590 382 2643 turba
400 2591 519 2658 capitum
537 2590 718 2643 circumstetit
736 2590 837 2656 anguis.
961 2607 997 2645 000

144 2665 230 2733 Salve,
250 2683 314 2718 vera
335 2666 409 2719 lovis
426 2665 524 2735 proles,
544 2666 629 2720 decus
647 2665 840 2733 additedivis,

144 2742 180 2794 Et
197 2759 246 2795 nos
265 2746 293 2796 et
311 2746 360 2796 tua
377 2743 477 2796 dexter
494 2742 540 2796 adi
559 2743 630 2811 pede
650 2759 725 2796 saera
744 2743 869 2797 secundo.

143 2817 217 2871 'l'alia
235 2819 399 2872 carminibus
417 2819 574 2884 celebrant;
597 2837 678 2888 snper
696 2820 786 2872 emnia
805 2819 867 2874 Caci

144 2895 304 2962 Speluncam
323 2895 460 2964 adiiciunt,
480 2897 685 2965 spirantemque
704 2896 811 2964 ignibus
830 2897 926 2964 ipsum.

143 2970 281 3026 Consonat
295 2989 375 3026 omne
390 2990 486 3026 nemus
505 2975 629 3042 strepitu,
646 2973 783 3041 collesque
799 2972 941 3026 resultant.
960 2990 997 3028 000

178 3048 249 3102 Exin
267 3065 297 3103 se
315 3050 405 3104 cuncti
424 3050 522 3104 divinis
540 3052 622 3105 rebus
641 3049 677 3104 ad
697 3050 791 3104 urbem

144 3125 276 3180 Perfectis
293 3126 423 3181 referunt.
462 3127 526 3180 lbat
544 3146 592 3181 rex
612 3129 716 3182 obsitus
735 3144 809 3193 aevo,

144 3201 178 3254 nt
197 3203 323 3256 comitem
347 3205 458 3256 Aenean
477 3204 554 3256 iuxta
571 3209 721 3272 natumque
739 3202 851 3258 tenebat
