2278 3568
127 129 173 175 124
366 127 394 174 P.
416 125 568 174 VERGILI
585 125 748 174 MARONIS

127 209 163 263 ut
180 212 283 263 terram
303 207 366 262 tabo
384 208 528 262 maculant.
567 207 638 260 Mihi
656 207 772 275 frigidus
789 211 885 264 horror

127 285 252 340 Membra
265 284 362 353 quatit,
375 284 537 353 gelidusque
550 285 604 337 coit
617 284 763 338 fenuidine
775 287 891 354 sanguis.
961 303 985 344 ae

128 362 232 416 Rursus
250 368 279 416 et
296 363 409 416 alterius
426 362 532 416 lentum
551 361 703 415 convellere
721 363 811 416 rimeu

128 439 261 508 insequor
280 443 308 492 ct
326 455 435 492 caussas
453 439 563 508 penitus
582 443 720 507 temptare
738 439 861 494 latentis:

127 518 198 570 Ater
216 521 244 570 et
262 516 375 570 alterius
395 517 521 584 sequitur
540 515 576 569 de
594 516 696 569 cortice
715 517 830 584 sanguis

127 593 215 647 Multa
233 609 343 647 movens
362 594 451 646 animo
471 593 612 662 Nymphas
630 593 780 646 venerabar
797 598 914 662 agrestis

127 669 330 738 Gradivumque
348 674 463 739 patrem,
483 670 587 724 Getieis
605 671 652 740 qui
670 670 810 740 praesidet
827 672 906 739 arvis,
961 688 985 728 続5

128 746 192 800 Rite
210 746 392 801 secundarent
411 747 485 801 visus
504 764 638 816 omenque
656 747 784 800 levarent.

127 821 219 876 Tertia
238 823 287 876 sed
305 828 451 894 postquam
470 826 572 880 maiore
589 824 698 878 hastilia
715 825 775 878 nisu

129 899 285 968 Adgrediar
303 901 473 970 genibusque
493 903 623 956 adversae
640 901 764 954 obluctor
781 918 913 956 arenae-

127 975 253 1046 Eloquar,
272 994 306 1031 an
325 978 418 1032 sileam
428 980 590 1048 l-gemitus
608 977 783 1032 lacrimabilis
800 979 854 1033 imo

127 1054 249 1108 Auditur
266 1057 378 1123 tumulo,
398 1061 426 1110 et
444 1075 495 1110 vex
514 1056 626 1110 reddita
644 1055 733 1110 fertur
750 1055 786 1108 ad
803 1056 890 1109 auris:
961 1069 984 1109 so

127 1130 199 1194 Quid
218 1132 352 1198 miserum,
373 1136 475 1198 Aenea,
495 1133 613 1186 lacerasl
632 1132 686 1184 iam
705 1148 787 1201 parce
805 1131 927 1198 scpult0余

127 1205 212 1260 Parce
230 1209 289 1275 pias
308 1208 441 1261 scelerare
460 1226 563 1262 manus.
603 1208 628 1260 N
631 1225 666 1260 ou
684 1225 728 1260 me
746 1207 797 1261 tibi
816 1207 896 1262 Troia

127 1282 277 1336 Externum
296 1283 366 1349 tulit,
386 1289 434 1338 aut
453 1301 532 1338 cruor
551 1285 595 1338 hic
613 1284 648 1336 de
666 1284 759 1351 stipite
777 1286 877 1337 manat.

127 1359 205 1414 Heu!
225 1361 289 1428 fuge
307 1361 425 1413 crudelis
442 1364 537 1428 terras,
555 1361 619 1428 fuge
637 1360 702 1412 litus
720 1375 838 1412 avarum.

126 1435 198 1490 Nam
217 1436 368 1504 Polydorus
387 1454 444 1505 ego.
484 1437 538 1490 Hie
555 1436 690 1490 confisum
709 1435 797 1488 ferrea
815 1434 887 1488 texit
958 1449 981 1486 ss

126 1513 252 1566 Telorum
271 1530 349 1581 seges
368 1517 397 1568 et
414 1513 508 1567 iaculis
527 1513 641 1566 increvit
659 1512 752 1566 acutis.

161 1589 228 1643 Tum
247 1606 311 1642 vcro
330 1590 441 1658 ancipiti
459 1593 581 1644 mentem
600 1588 745 1642 formidine
763 1604 873 1657 pressus

127 1665 260 1736 Obstipui,
279 1670 471 1737 steteruntque
490 1683 582 1721 comae
601 1670 630 1720 et
647 1683 700 1720 vox
718 1666 842 1720 saucibus
859 1665 954 1720 haesit.

127 1742 208 1796 Hunc
227 1743 390 1811 Polydorum
409 1743 469 1797 auri
488 1744 625 1812 quondam
643 1760 705 1797 curu
723 1742 843 1811 pendere
860 1756 960 1808 magno

127 1818 225 1872 infelix
245 1819 369 1872 Priamus
386 1820 481 1874 furtim
500 1820 644 1873 mandarat
661 1819 788 1872 alendum
957 1833 982 1872 oo

126 1895 250 1949 Threicio
268 1898 334 1964 regi,
353 1915 414 1950 cum
431 1898 484 1950 iam
504 1897 643 1950 diffideret
661 1896 743 1950 armis

127 1972 281 2026 Dardaniae
299 1974 426 2043 cingique
445 1974 541 2028 urbem
560 1974 700 2028 obsidione
718 1972 832 2026 videret.

128 2049 186 2115 Ille,
203 2053 235 2103 ut
253 2067 319 2120 opes
336 2050 440 2104 fractae
459 2051 598 2118 Teucrum,
617 2055 645 2104 ot
664 2050 786 2104 Fortuna
803 2049 922 2115 recessit,

127 2125 183 2178 Res
202 2129 432 2196 Agamemnonias
450 2129 624 2196 victriciaque
641 2143 717 2180 arma
735 2129 850 2193 secutus,

127 2201 181 2254 Fas
193 2219 272 2257 omne
284 2203 435 2273 abrumpit余
449 2204 612 2273 Polydorum
624 2205 777 2270 obtnmcat,
789 2206 818 2256 et
831 2218 895 2256 auro
957 2217 981 2256 es

128 2278 163 2331 Vi
180 2281 292 2346 potitur.
329 2281 401 2345 Quid
419 2299 472 2335 non
490 2282 616 2335 mortalia
633 2284 744 2350 pectora
762 2279 842 2346 cogis,

128 2355 197 2408 Auri
216 2373 293 2410 sacra
310 2358 412 2413 lamcsl
452 2359 601 2426 Postquam
620 2374 704 2426 pavor
721 2373 782 2410 ossa
799 2355 918 2423 reliquit,

127 2431 253 2486 Delectos
271 2435 363 2502 populi
381 2434 417 2486 ad
434 2451 562 2502 proceres
579 2435 751 2502 primumque
769 2437 910 2499 parentem

127 2508 252 2562 Monstra
269 2509 351 2563 deum
369 2510 464 2574 refero,
482 2515 518 2577 ct,
537 2527 607 2579 quae
625 2510 661 2562 sit
679 2507 821 2572 sententia,
840 2523 927 2574 posce.

127 2584 259 2638 Omnibus
276 2586 349 2638 idem
368 2587 482 2652 animus,
501 2587 634 2639 scelerata
652 2584 786 2638 excedere
804 2592 887 2650 terra,
956 2599 980 2638 uo

127 2660 225 2729 Linqui
243 2662 377 2730 pollutum
396 2662 552 2732 hospitium,
571 2665 600 2716 et
619 2662 685 2715 dare
704 2658 835 2714 classibus
853 2664 968 2714 austres.

127 2735 200 2804 Ergo
217 2738 400 2793 instauramus
420 2739 554 2807 Polydoro
573 2739 667 2792 sunus:
687 2742 715 2792 et
733 2737 842 2804 ingens,

127 2814 278 2880 Aggeritur
296 2815 400 2868 tumulo
419 2816 517 2881 tellus余
536 2819 610 2870 stant
629 2813 756 2868 Manibus
774 2829 846 2880 arae,

127 2888 264 2944 Caeruleis
282 2895 402 2946 maestae
421 2893 497 2946 vittis
514 2896 629 2961 atraque
647 2907 781 2960 cupresso,

127 2963 164 3018 Et
180 2967 280 3020 circum
300 2967 402 3022 Iliades
420 2969 522 3023 crinem
540 2969 575 3022 de
594 2985 669 3022 more
687 2967 806 3030 solutam
956 2980 980 3019 ee

128 3042 272 3098 inferimus
291 3045 385 3114 tepide
404 3046 558 3114 spumantia
575 3045 681 3114 cymbia
698 3043 768 3098 lacte

127 3119 268 3187 Sangmuis
287 3124 315 3175 et
333 3122 401 3176 sacri
419 3126 537 3190 pateras,
554 3123 725 3190 animamque
744 3117 886 3188 sepulchro

127 3195 282 3266 Ooudlmus,
300 3201 330 3254 et
348 3215 446 3269 magua
464 3215 621 3270 supremum
639 3211 703 3252 voce
721 3197 828 3252 ciamus
