2290 3568
459 163 639 214 AENEIDOS
659 162 728 213 LIB.
748 162 782 211 V.

167 245 300 310 Ducebat,
318 245 356 298 sic
374 260 436 296 acer
454 259 523 311 equo
541 242 653 296 turbata
669 244 767 311 petivit

167 321 272 385 Castra,
289 337 339 372 nec
357 320 496 372 exanimes
514 323 628 387 possunt
647 321 767 374 retinere
785 320 916 388 magistri.

167 398 232 460 Quis
244 397 321 450 furor
333 398 386 450 iste
398 398 500 450 novusl
516 413 570 464 quo
582 413 661 461 nunc,
674 415 729 465 quo
741 399 863 466 tenditis,
874 397 972 466 inquit,
983 412 1019 452 cre

168 473 231 526 Heu
249 473 365 527 miserae
383 475 472 527 cives?
493 490 547 526 non
566 473 673 526 bostem
691 475 853 543 inimicaque
871 479 961 528 eastra

166 551 306 618 Argivom,
326 555 431 604 vestras
449 567 510 618 spes
528 551 614 604 uritis.
651 550 699 618 En,
717 569 768 620 ego
786 555 879 605 vester

168 629 300 681 Ascanius
309 627 457 695 l-galeam
476 630 540 680 ante
558 627 643 695 pedes
661 628 777 696 proiecit
794 629 910 698 inanem,

166 704 226 769 Qua
244 704 309 758 ludo
326 703 439 756 indutus
456 703 521 756 belli
541 704 684 756 simulacra
702 704 799 760 ciebat.
921 709 922 712 ’
997 765 1000 771 Δ

167 781 316 853 Adcelerat
334 780 414 833 simul
434 781 550 843 Aeneas,
568 780 647 832 simul
666 782 775 848 agmina
793 782 933 837 Teucrum.
982 797 1019 838 crs

165 859 220 912 Ast
237 857 300 910 illae
319 857 428 910 diversa
445 859 522 909 metu
540 873 590 923 per
607 855 689 908 litora
706 858 806 924 passim

166 935 325 1002 Diffugiunt,
344 932 479 998 silvasque
497 935 526 985 et
544 932 629 984 sicubi
648 948 764 986 concava
781 933 876 988 furtim

165 1012 236 1064 Saxa
253 1013 366 1078 petunt;
388 1008 464 1076 piget
482 1009 583 1076 incepti
602 1009 731 1078 lucisque,
750 1026 867 1078 suosque

165 1087 290 1140 lllutatae
308 1086 485 1152 adgnoscunt,
505 1101 671 1153 excussaque
690 1089 802 1154 pectore
821 1087 890 1140 Iuno
908 1090 958 1141 est

164 1163 219 1217 Sed
237 1180 291 1216 non
309 1161 411 1214 idcirco
429 1160 555 1214 llarmnae
572 1165 657 1230 atque
674 1163 801 1216 incendia
818 1163 884 1216 viris
981 1179 1018 1217 ose

165 1240 318 1293 Indomitas
336 1255 467 1308 posuere;
489 1238 544 1292 udo
563 1238 613 1292 sub
632 1239 730 1293 robore
749 1239 815 1294 vivit

164 1310 270 1380 Stuppa
288 1327 398 1363 vomens
416 1309 526 1363 tardum
545 1309 657 1376 sumum,
676 1310 820 1378 lentusque
838 1309 942 1364 carinas

163 1387 213 1440 Est
230 1405 321 1456 vapor,
340 1391 369 1440 et
388 1390 447 1440 toto
466 1386 610 1440 descendit
628 1404 741 1455 corpore
760 1388 852 1456 pestis

163 1464 188 1516 N
191 1481 221 1517 ec
240 1464 311 1517 vires
328 1463 440 1516 hereum
458 1463 601 1530 infusaque
620 1463 730 1516 flumina
747 1476 867 1532 prosunt.

100 1553 147 1578 ⁸-
163 1540 231 1593 Tum
249 1541 310 1607 pius
330 1543 438 1592 Aeneas
457 1539 577 1591 humeris
596 1539 755 1593 abscindere
773 1544 885 1608 vestem,
979 1557 1016 1594 css

75 1665 80 1672 .
164 1616 330 1684 Auxilioque
348 1631 444 1667 vocare
463 1614 536 1680 deos,
556 1618 585 1666 et
603 1615 718 1667 tendere
736 1616 853 1682 palmas:

165 1692 291 1760 luppiter
308 1691 484 1760 omnipotens,
504 1691 526 1742 si
544 1690 665 1742 nondum
683 1707 781 1743 exosus
800 1693 836 1744 ad
854 1709 937 1746 unum

163 1769 299 1832 Troianos,
317 1767 339 1820 si
359 1767 425 1834 quid
443 1767 532 1834 pietas
550 1767 662 1834 antiqua
680 1766 787 1819 labores

164 1845 286 1914 Respicit
304 1845 443 1909 humanos,
462 1843 498 1896 da
515 1843 651 1895 flammam
670 1841 787 1896 evadere
805 1843 882 1896 classi

163 1923 250 1989 Nunc,
270 1922 361 1986 Pater,
380 1925 410 1974 ct
426 1921 517 1974 tenuis
537 1919 670 1972 Teucrum
689 1935 733 1972 res
752 1919 829 1987 eripe
846 1920 908 1974 leto.
979 1936 1016 1975 oee

165 1999 215 2054 Vel
233 2004 272 2066 tu,
292 1997 365 2066 quod
384 2001 515 2066 superest,
534 1997 632 2049 infesto
649 1995 762 2049 fulmine
780 1997 869 2064 morti,

162 2076 191 2130 si
209 2093 325 2140 mereor,
342 2074 466 2140 demitte,
484 2078 587 2141 tuaque
605 2071 648 2125 hic
666 2071 752 2124 obrue
770 2072 875 2125 dextra.

163 2153 217 2204 Vix
235 2152 302 2204 haec
321 2151 454 2215 ediderat,
472 2166 531 2201 cum
551 2149 642 2201 effusis
660 2148 794 2200 imbribus
812 2153 873 2202 atra

162 2228 321 2296 Tempestas
340 2227 396 2278 sine
414 2242 488 2277 more
508 2224 582 2289 iun‘t,
601 2224 762 2291 tonitruque
780 2229 948 2280 tremescunt

164 2305 260 2358 Ardua
278 2309 413 2357 terrarum
432 2307 461 2354 et
479 2300 583 2368 campi;
603 2301 658 2354 ruit
676 2300 789 2354 aethere
807 2304 866 2354 toto
978 2319 1014 2358 ms

162 2381 299 2435 Turbidus
317 2379 405 2433 imber
423 2395 495 2447 aqna
513 2377 661 2446 densisque
679 2379 842 2446 nigerrimus
860 2381 976 2444 austris;

163 2459 361 2527 Inplenturque
380 2473 462 2524 super
478 2473 599 2525 puppes;
620 2457 750 2509 semiusta
768 2456 928 2510 madescunt

164 2535 286 2601 llobora;
309 2535 458 2590 restinctus
477 2533 563 2587 donec
582 2549 666 2602 vapor
684 2534 777 2601 onmis,
796 2537 824 2588 et
842 2549 943 2601 omnes,

163 2611 298 2676 Quattuor
316 2613 429 2678 amissis,
449 2616 572 2665 servatae
591 2628 607 2664 a
624 2615 702 2680 peste
720 2611 834 2665 carinae

197 2693 237 2743 At
255 2693 334 2758 pater
354 2692 469 2754 Aeneas,
488 2705 553 2742 casu
571 2705 716 2742 concussus
734 2688 838 2752 acerbo,
978 2701 1014 2741 ree

163 2767 187 2819 N
189 2783 241 2820 une
259 2766 312 2819 hue
329 2767 455 2835 ingentis,
475 2783 546 2819 nune
563 2766 626 2819 illue
646 2771 756 2835 pectore
775 2783 853 2818 curas

162 2842 291 2896 Mutabat
309 2860 426 2908 versans,
447 2843 578 2896 Siculisne
598 2843 731 2896 resideret
749 2843 828 2908 arvis,

162 2920 272 2973 Oblitus
290 2921 416 2988 fatorum,
436 2921 556 2974 Italasne
575 2925 730 2988 capesseret
748 2936 815 2972 oras.

162 2998 230 3050 Tum
249 2998 337 3051 senior
358 2998 471 3062 Nautes,
488 3015 571 3049 unum
591 2998 713 3050 Tritonia
733 2995 822 3048 Pallas

162 3075 249 3138 Quem
268 3075 360 3128 docuit
379 3075 520 3142 multaque
539 3075 671 3140 insignem
690 3073 813 3126 reddidit
830 3076 926 3125 arte-
976 3083 1014 3126 ⁷0⁶
1071 3139 1074 3144 ¹

163 3153 240 3206 Haec
258 3169 388 3221 responsa
406 3151 498 3217 dabat,
516 3151 559 3204 vel
578 3168 647 3219 quae
666 3149 844 3219 portenderet
862 3149 903 3200 ira

163 3228 265 3300 Magna
283 3229 373 3297 deum,
392 3227 435 3282 vel
453 3242 524 3298 quae
541 3227 660 3284 fetorem
678 3230 804 3298 posceret
822 3225 924 3280 orde-
