2266 3562
394 155 581 204 BUOOLICA.
617 155 691 204 ECL.
712 155 744 204 X.
968 157 998 202 23

145 236 208 290 b'ou
226 236 303 290 illum
321 237 407 290 nostri
425 240 540 304 possunt
558 241 666 291 mutere
684 236 797 306 iuberes,

145 311 205 366 Nec
222 313 245 366 si
261 312 409 380 frigoribus
428 312 526 366 mediis
546 313 726 381 Hebrumque
745 312 869 367 bibemus
974 329 1000 368 (e

146 389 339 458 Sithoniasque
357 391 433 442 nives
450 389 547 442 hiemis
564 389 710 443 subeamus
727 407 852 459 aquosae,

146 465 206 519 Nec
223 465 255 533 si,
272 482 335 520 cum
354 467 471 519 rumiens
489 468 545 519 alta
563 466 633 520 liber
651 471 712 520 uret
730 466 757 519 in
775 466 855 532 ulmo,

150 540 315 610 Aethiopum
334 559 474 595 versemus
492 543 550 595 ovis
568 541 618 596 sub
637 541 728 596 sidere
747 542 852 597 Cancri.

146 617 245 672 Omnia
264 619 348 672 vineit
367 621 468 684 Amor;
490 623 519 672 et
537 636 586 672 nos
604 618 732 674 cedamus
753 619 857 673 Amori.

184 695 261 749 Huec
280 700 322 749 sat
340 697 400 762 erit,
418 696 505 763 dirue,
523 700 645 749 vestrum
664 696 795 750 cecinisse
812 700 929 766 poetam,
976 713 1001 752 su

148 770 221 825 Dum
239 772 318 826 sedet
336 776 364 825 et
381 773 476 840 gracili
496 773 623 826 fiscellam
643 772 714 826 texit
733 772 843 841 hibisco,

149 848 287 909 Pierides:
307 866 355 902 ves
372 849 438 903 haec
456 849 560 903 facietis
579 866 706 904 maxume
725 848 811 916 Gniio,

148 925 234 991 Galle,
253 927 328 979 cuius
347 942 422 980 umor
440 930 547 979 tuntum
567 926 633 979 mihi
652 925 750 980 crescit
768 926 900 993 iuberes,

149 1002 286 1066 Quantum
305 1019 368 1055 vere
386 1018 455 1055 novo
473 1002 568 1055 viridis
587 1019 616 1056 se
634 1003 745 1056 subiicit
761 1002 845 1056 ulnus.

148 1079 310 1146 Surgemus:
332 1078 401 1132 solet
419 1095 479 1132 esse
496 1080 587 1147 gravis
605 1078 777 1133 cantantibus
795 1079 907 1146 umbra3
977 1093 1001 1133 ⁷⁵

151 1155 273 1222 iuniperi
290 1155 380 1223 gravis
398 1155 509 1220 umbru;
530 1161 629 1210 nocent
647 1161 677 1210 et
693 1150 820 1224 frugibus
837 1156 955 1210 umbrae.

150 1231 196 1285 lte
213 1229 324 1283 domum
341 1236 460 1293 suturae,
477 1233 553 1288 uenit
568 1233 720 1306 Hesperus,
740 1232 778 1288 ite
795 1232 922 1294 camelino.
