2266 3562
419 155 609 205 BUCOLIGA.
641 156 717 206 ECL.
737 155 774 204 11.
1015 158 1030 202 a

173 237 240 290 Pars
258 235 396 302 Scythiam
415 238 444 290 et
461 236 589 305 rapidum
608 236 708 292 Cretae
726 237 866 290 veniemus
884 235 987 304 Oaxen,

172 313 207 366 nt
225 312 334 381 penitus
352 315 412 366 toto
430 313 531 366 divisos
549 313 615 368 orbe
635 313 790 367 Britannos.

173 391 213 442 lin
231 405 362 457 umquam
379 390 483 458 patrios
501 389 581 456 longo
598 394 661 458 post
679 393 805 456 tempore
822 389 891 455 linis,

174 465 304 533 Pauperis
323 469 352 518 et
369 465 464 533 tuguri
482 471 641 533 congestum
659 467 779 536 caespite
796 465 911 530 culmen,

174 544 239 596 Post
256 541 368 610 aliquot,
386 559 448 596 mea
465 559 550 610 remia
567 541 670 610 videns,
688 542 809 596 mirabor
826 543 946 598 aristosi
1004 557 1029 598 vo
1066 540 1075 572 l

174 620 277 689 Impius
295 619 362 672 haec
381 623 438 672 tam
456 619 529 672 culta
547 618 654 672 novalia
671 619 750 672 miles
768 618 903 672 lrabcbitl

175 697 309 751 barbarus
328 696 377 750 llas
395 698 523 765 segetesl
540 712 582 762 en,
601 711 655 763 quo
674 695 811 750 discordia
828 695 894 749 civis

174 774 306 827 l’roduxit
323 772 452 827 miseros!
471 789 513 840 en,
531 773 592 841 quis
610 772 780 826 consevimus
797 776 894 840 agros!

174 851 266 904 Insere
283 866 361 916 nunc,
381 849 522 915 Meliboee,
540 849 623 918 piros,
641 865 710 917 pone
729 848 825 902 ordine
843 849 913 902 vitis.

172 926 216 980 lte
233 943 317 993 rnoao,
336 925 400 979 felix
419 925 555 993 quondam
574 941 663 993 pocus,
682 925 721 980 ite
739 925 866 993 capellae.
1002 940 1027 982 rs

169 1000 195 1053 N
198 1018 231 1054 on
250 1019 301 1070 ego
319 1018 366 1055 vos
384 1001 505 1070 posthae,
523 1001 602 1054 viridi
621 1001 759 1070 proiectus
777 1002 804 1054 in
823 1004 911 1068 antro,

170 1077 291 1131 Dumosa
308 1078 428 1147 pendere
446 1078 539 1148 procul
558 1078 593 1132 de
611 1095 679 1147 rupe
698 1077 814 1144 videbe;

170 1155 296 1208 Gannina
313 1155 386 1208 nulla
403 1171 511 1220 canam;
530 1173 590 1223 non,
608 1172 652 1210 me
669 1159 806 1223 pascente,
824 1154 952 1224 capellae,

173 1231 325 1285 l'lerentem
343 1232 458 1299 cytisum
475 1237 504 1286 et
522 1233 616 1286 salices
634 1231 752 1300 carpetis
770 1247 882 1284 amaras.

174 1306 201 1360 T.
222 1307 275 1360 Hie
286 1313 377 1360 tamen
390 1308 459 1361 hanc
471 1325 576 1362 meeum
588 1313 698 1378 poteras
710 1308 883 1376 requiescere
895 1311 1004 1362 noctem

172 1383 280 1436 l'ronde
297 1401 380 1452 super
397 1384 494 1438 viridi:
518 1389 581 1439 sunt
593 1385 671 1439 nobis
689 1384 767 1437 mitia
784 1401 872 1452 poma,
1001 1400 1025 1436 u

170 1459 319 1514 Castaneas
337 1461 439 1527 molles,
457 1465 486 1514 et
503 1461 590 1528 pressi
607 1461 685 1530 eopia
702 1459 798 1525 lactis;

170 1535 205 1590 nt
229 1536 283 1590 iam
301 1553 406 1590 summa
423 1537 515 1605 procul
534 1537 657 1590 villarum
675 1537 793 1590 eulmina
809 1536 923 1603 fumant,

169 1613 342 1682 Maioresque
359 1613 460 1666 cadunt
478 1614 541 1667 altis
559 1614 595 1667 de
612 1614 750 1667 mentibus
767 1612 887 1666 umbrae,

472 1843 657 1903 ECLOGA
691 1845 733 1901 II.

520 1972 662 2021 ALEXIS.

169 2073 328 2128 Fennosuu
346 2079 440 2142 pastor
459 2075 583 2144 Corydon
601 2076 716 2131 ardebat
735 2078 853 2145 Alexim,

171 2150 284 2204 llelieias
303 2151 412 2216 demini,
432 2168 489 2218 nec,
508 2153 576 2220 quid
594 2157 724 2220 speraret,
743 2153 869 2208 habebat.

173 2228 283 2281 lantum
301 2226 497 2292 intendemus,
516 2228 644 2281 umbrosa
661 2230 807 2296 eaernnina,
825 2231 901 2299 fages

171 2303 292 2358 adsidue
310 2303 445 2357 veniebat.
485 2303 528 2356 Ibi
546 2304 612 2357 haec
630 2305 769 2360 incondita
786 2307 859 2360 solus

166 2379 306 2433 Montibus
324 2384 353 2434 et
371 2380 444 2433 silvis
463 2381 555 2434 studio
573 2381 692 2435 iactabat
711 2382 800 2436 inani:
1008 2399 1021 2439 c

200 2455 223 2510 Ο
242 2457 360 2510 erudelis
380 2457 469 2524 Alexi,
487 2457 553 2510 nihil
572 2473 633 2510 mea
650 2459 770 2512 earmina
788 2463 887 2514 eurasl

166 2532 211 2586 Nil
229 2534 315 2588 nostri
334 2535 482 2588 misererel
502 2533 571 2586 mori
589 2550 633 2586 me
652 2533 771 2603 denique
791 2552 878 2603 coges.

167 2610 244 2663 Mune
262 2611 345 2664 etiam
362 2610 482 2678 pecudes
499 2610 610 2663 umbras
629 2614 658 2664 et
674 2611 777 2678 frigora
794 2617 922 2680 captant;

166 2686 242 2740 Mune
261 2686 355 2739 viridis
373 2687 455 2740 etiam
473 2687 610 2740 occultant
628 2687 735 2754 spineta
751 2689 875 2754 lacertos,

164 2762 298 2831 'l'hestylis
317 2767 345 2816 et
363 2763 458 2831 rapido
477 2763 554 2816 fessis
572 2763 738 2817 messoribus
756 2769 835 2818 aestu
997 2779 1021 2818 ro

165 2838 238 2892 Allia
255 2839 456 2908 serpyllumque
474 2838 574 2892 herbas
592 2840 736 2895 contundit
754 2842 859 2894 olentis.

165 2915 204 2968 At
221 2931 328 2968 mecum
346 2916 441 2982 raucis,
455 2919 504 2968 tua
522 2915 588 2968 dum
606 2916 722 2984 vestigia
740 2917 834 2980 lustro,

163 2990 226 3044 Sole
244 2991 295 3044 sub
312 2990 421 3044 ardenti
439 2997 567 3045 resonant
585 2992 698 3046 arbusta
716 2994 822 3047 cicadis.

164 3067 260 3120 Nonne
278 3067 330 3121 fuit
348 3068 434 3121 satius
451 3069 539 3122 tristis
560 3068 736 3137 Amaryllidis
753 3071 807 3123 iras

165 3143 257 3211 litque
275 3143 393 3212 superba
410 3145 468 3212 pati
486 3144 598 3198 fastidia
605 3147 614 3198 l
632 3161 722 3198 nonne
741 3145 893 3215 Menalcan,
995 3161 1018 3198 ιε

164 3219 292 3283 Quamvis
309 3219 354 3273 ille
372 3219 458 3287 niger,
476 3221 599 3288 quamvis
618 3232 649 3274 tn
667 3219 800 3274 candidus
817 3225 912 3276 essesl
