2290 3568
132 155 176 202 192
367 151 396 199 P.
414 151 567 199 VERGILI
584 151 749 198 MARONIS

130 234 192 286 llux
212 232 384 299 Anchisiade,
404 249 453 285 nee
472 248 516 284 ine
534 232 603 284 deus
621 249 739 300 aequore
758 233 861 286 mersit.

130 309 255 377 Namque
272 309 467 377 gubernaclum
488 309 574 361 multa
592 309 619 362 vi
637 309 709 362 forte
729 309 871 384 revolsum,

129 385 179 437 Oui
198 385 278 440 datus
297 386 442 438 haerebam
462 389 553 438 eustos
572 402 722 454 cursusque
744 385 880 454 regebam,
947 402 984 444 850

130 462 314 530 Praecipitans
333 461 405 514 traxi
425 479 536 514 mecum.
575 462 663 514 Maria
682 479 779 530 aspera
797 463 856 514 iure

129 538 190 591 Nou
207 539 291 592 ullum
310 557 360 607 pro
378 557 422 592 me
442 543 549 592 tantum
568 539 672 607 cepisse
690 540 823 605 timorem,

129 615 216 678 Quam
234 620 282 670 tun
300 633 341 682 ne,
361 617 476 684 spoliata
495 616 583 682 armis,
604 633 719 670 excussa
736 617 875 682 magistre,
942 611 949 617 ’

128 690 265 746 Deficeret
284 694 367 746 tantis
386 693 462 745 navis
482 693 655 761 surgentibus
676 692 761 746 undis.
942 689 947 700 ”

128 767 187 820 Tris
206 769 231 820 N
234 773 295 822 otus
313 769 440 822 hibernas
458 771 580 822 inmensa
599 787 648 837 per
667 780 784 837 aequora
802 771 893 820 noctes
947 777 985 818 sav

128 844 213 898 Venit
231 863 276 898 me
295 846 429 899 violentus
448 864 533 915 aqua3
554 847 598 898 vix
618 847 719 899 lumine
738 849 835 914 quarto

129 921 260 991 Prospexi
281 923 389 976 ltaliam
409 941 514 976 summa
533 923 655 980 sublimis
673 923 707 976 ab
726 922 805 974 unda

129 997 263 1052 Paulatim
282 1000 416 1054 adnabam
436 1003 543 1064 terrae;
566 1001 619 1052 iam
638 1004 699 1053 tuta
717 998 851 1066 tenebam,

129 1074 164 1126 Ni
177 1092 249 1142 ,gens
267 1077 384 1130 crudelis
403 1077 513 1130 madida
532 1093 592 1129 cum
613 1079 689 1130 veste
708 1079 850 1143 gravatum

129 1150 363 1221 Prensantemque
376 1154 452 1207 uncis
465 1153 590 1206 manibus
605 1154 694 1220 capita
708 1169 804 1220 aspera
816 1150 915 1204 montis
946 1163 983 1203 seo

129 1227 214 1280 Ferro
232 1229 380 1294 invasisset,
401 1229 585 1296 praedamque
605 1230 700 1296 ignara
716 1231 848 1297 putasset.

128 1303 207 1357 Nunc
225 1322 269 1357 me
288 1305 385 1358 flnctus
404 1305 495 1372 habet,
517 1311 683 1374 versantque
702 1307 729 1358 in
748 1306 828 1359 litore
845 1306 928 1358 venti.

128 1380 208 1442 Quod
226 1385 254 1434 tc
273 1398 322 1449 per
340 1383 406 1434 caeli
426 1382 574 1434 iucundum
594 1383 684 1436 lumen
704 1387 732 1436 et
750 1399 836 1447 auras,

128 1455 182 1508 Per
199 1457 350 1524 genitorem
369 1475 424 1523 ere,
443 1474 493 1526 per
511 1475 573 1526 spes
594 1461 730 1527 surgentis
750 1459 811 1524 Iuli,

127 1531 210 1600 Eripe
229 1550 272 1585 me
290 1533 339 1606 his,
358 1533 466 1602 invicte,
485 1534 575 1589 nralis:
598 1539 646 1588 aut
664 1540 695 1588 tu
713 1535 780 1588 mihi
798 1538 900 1588 terram
948 1547 984 1586 ses

128 1607 220 1676 Iniice,
238 1627 355 1678 namque
373 1615 459 1680 potes,
479 1615 629 1681 portusque
650 1613 759 1681 require
778 1611 904 1675 Velin0s;

128 1687 187 1738 Aut
206 1689 244 1752 tu,
264 1687 286 1738 si
305 1704 358 1755 qua
376 1689 419 1740 via
438 1691 487 1755 est,
508 1688 530 1740 si
550 1705 630 1756 qnam
649 1689 700 1742 tibi
720 1687 783 1740 diva
801 1686 919 1740 creatrix

128 1760 382 1831 Ostendit—neque
401 1766 478 1828 enim,
498 1765 587 1832 credo,
607 1767 665 1818 sine
684 1766 793 1818 numine
812 1763 902 1816 divam

128 1837 253 1892 Flumina
270 1844 348 1892 tauta
366 1858 445 1908 paras
466 1842 643 1908 Stygiamque
662 1843 756 1894 innare
774 1839 938 1908 paludem-

128 1913 170 1966 Da
186 1915 312 1968 dextram
329 1916 436 1983 misero,
453 1921 481 1969 ct
499 1922 589 1969 tecum
606 1934 649 1970 me
666 1918 732 1970 tolle
747 1934 798 1985 per
811 1917 906 1980 undas,
947 1927 984 1966 370

125 1989 244 2043 'Sedibus
261 1995 292 2044 ut
312 1991 407 2043 saltem
429 1991 544 2060 placidis
564 1993 591 2044 in
611 1998 699 2046 morte
718 1995 864 2062 quiescam.

128 2067 201 2119 'l'alia
218 2067 291 2120 fatus
311 2072 377 2134 crat,
397 2069 487 2136 eoepit
506 2085 566 2120 cum
587 2069 654 2122 talia
672 2073 760 2123 vates:

128 2143 208 2196 Unde
226 2143 299 2210 haec,
318 2160 334 2196 ο
355 2144 489 2212 Palinure,
508 2145 558 2198 tibi
577 2149 633 2198 tam
652 2146 712 2199 dira
730 2145 846 2214 eupidel

127 2219 168 2272 'lu
187 2220 294 2288 Stygias
312 2221 468 2274 inhumatus
488 2239 572 2289 aquas
594 2239 755 2290 anmemque
774 2233 900 2273 severum

128 2295 307 2349 Eumenidum
326 2298 446 2365 aspicies,
465 2299 586 2365 ripamve
605 2299 721 2350 iniussus
739 2295 841 2350 adibis?
945 2303 982 2343 ³⁷5

128 2371 228 2426 Desine
247 2372 304 2426 fata
324 2373 405 2425 deum
424 2375 498 2427 flecti
517 2390 626 2440 sperare
646 2372 788 2440 precando.

128 2448 182 2502 Sed
201 2466 267 2516 cape
287 2450 361 2502 dieta
379 2466 489 2513 memor,
510 2450 571 2501 duri
591 2450 686 2501 solatia
704 2464 787 2500 casus.

129 2525 198 2576 Nam
218 2528 266 2577 tua
284 2525 401 2590 finitimi,
419 2525 499 2598 lenge
518 2525 629 2592 lateque
647 2541 697 2592 per
714 2524 797 2577 urbes

128 2600 262 2667 Prodigiis
281 2601 334 2653 acti
354 2601 524 2667 caelestibus,
545 2619 605 2653 ossa
623 2601 744 2669 piabunt,

128 2677 163 2728 Et
176 2681 299 2729 statuent
312 2678 453 2744 tumulum,
468 2682 497 2732 et
509 2678 614 2732 tumulo
630 2678 770 2733 sollemnia
782 2680 901 2751 mittent,
947 2700 983 2739 aso

129 2756 337 2820 Aeterinnnqne
356 2754 430 2808 locus
451 2756 571 2809 Palinuri
589 2773 688 2810 nemen
706 2757 826 2812 habebit.

128 2829 181 2880 His
200 2829 280 2882 dietis
298 2846 379 2884 curae
398 2836 512 2899 emotae,
531 2834 679 2903 pulsusque
697 2852 844 2904 parumper

128 2904 218 2957 Corde
238 2905 314 2958 dolor
333 2907 421 2972 tristi;
442 2911 545 2977 gaudet
564 2913 722 2980 cognomine
740 2918 821 2966 terra.

163 2980 235 3048 Ergo
252 2983 305 3035 iter
323 2983 462 3053 inceptum
481 2993 617 3056 peragunt
636 2989 773 3059 fluvioque
790 2992 981 3058 propinquant.

128 3053 229 3110 Navita
239 3075 306 3126 ques
317 3060 371 3113 iam
383 3062 447 3115 inde
460 3069 491 3117 ut
505 3066 598 3133 Stygia
610 3069 753 3135 prespexit
765 3067 800 3120 ab
812 3067 887 3120 unda
944 3081 981 3119 sss

130 3131 183 3220 Per
200 3137 313 3188 tacitum
332 3153 428 3191 nemus
445 3140 485 3193 ire
503 3142 657 3212 pedemque
676 3145 820 3197 advertere
838 3143 918 3212 ripae,

128 3207 170 3232 “⁴
188 3211 263 3264 ”rior
280 3211 442 3281 adgreditur
461 3217 548 3286 dictis,
567 3223 650 3290 atque
668 3220 791 3290 increpat
809 3219 895 3274 ultro:
