2290 3568
400 149 475 196 AEN
479 149 583 197 amos
606 150 674 198 LIB.
700 149 779 200 VIII.
957 153 1002 198 233

153 229 300 283 Accessum
319 228 437 281 lustrans
455 228 508 282 huc
526 245 574 282 era
591 229 699 282 ferebat
717 234 746 283 et
763 231 834 298 illuc,

152 303 289 358 Dentibus
306 305 470 359 infrendens.
507 306 560 359 Ter
577 309 668 360 totum
679 306 803 361 fervidus
820 307 861 362 ira
970 322 1006 361 aso

153 381 266 435 Lustrat
286 383 417 435 Aventini
435 385 571 448 montem;
594 385 640 436 ter
658 400 739 436 saxea
758 387 877 452 temptat
965 415 967 419 ·

152 458 259 512 Limina
276 459 457 527 nequiquam·;
481 463 525 512 ter
542 460 630 513 fessus
648 460 718 513 valle
735 460 846 514 resedit.

152 535 250 588 Stabat
268 539 348 588 acuta
366 535 441 602 silex,
459 536 590 604 praecisis
608 537 730 605 undique
749 537 821 590 saxis
842 534 845 540 '

152 611 302 679 Speluncae
321 611 401 666 dorso
420 613 571 680 insurgens,
588 613 720 666 altissima
738 614 805 682 visu,

152 687 279 741 Dirarum
297 688 370 741 nidis
389 689 485 743 densus
504 693 657 758 opportuna
675 690 821 744 volucrum.
969 707 1005 746 aa

152 764 239 830 Hanc,
256 769 288 818 ut
305 782 391 833 prona
409 767 472 834 iugo
491 767 597 820 laeuum
616 766 792 820 incumbebat
809 766 845 819 ad
859 779 967 818 amnem

151 841 257 896 Dexter
274 843 302 894 in
320 842 464 896 adversum
483 844 573 897 nitens
591 844 734 911 concussit,
753 847 782 896 et
799 843 862 896 imis

151 917 282 972 Avolsnm
301 919 381 972 solvit
399 919 550 984 radicibus;
574 920 639 973 inde
657 923 771 988 repente

152 995 271 1062 lnpnlit;
292 995 401 1063 inpulsu
419 1012 473 1064 quo
491 1013 634 1049 maxumus
653 997 760 1050 intonat
777 993 883 1062 aether,

152 1069 306 1125 Dissidtant
325 1073 400 1140 ripae
418 1071 565 1140 refluitque
585 1073 734 1126 exterritus
752 1074 845 1127 ansuis.
968 1087 1005 1126 aso

152 1149 191 1202 At
210 1165 307 1217 specus
325 1153 354 1202 et
374 1149 437 1202 (laci
455 1149 566 1202 detecta
583 1149 710 1217 adparuit
727 1150 824 1217 ingens

153 1225 246 1294 Regia,
265 1229 294 1280 et
311 1226 455 1279 umbrosae
473 1226 580 1292 penitus
599 1229 715 1294 patuere
734 1243 881 1281 cavernae:

152 1302 212 1356 Non
231 1320 315 1370 secus,
334 1303 405 1356 acsi
424 1320 479 1371 qua
496 1303 606 1371 penitus
625 1303 651 1356 vi
669 1307 745 1356 terra
763 1303 906 1357 dehiscens

153 1379 277 1432 Infernas
295 1383 401 1433 reseret
419 1380 498 1432 sedes
518 1383 547 1432 et
565 1397 650 1448 regna
667 1379 793 1434 recludat

152 1455 265 1523 Pallida,
284 1456 327 1510 dis
344 1457 436 1522 inrisa,
456 1473 592 1524 superque
611 1456 718 1508 inmane
736 1456 896 1510 barathrum
968 1472 1004 1510 aas

152 1531 295 1599 Cernatur,
314 1531 510 1600 trepidentque
528 1532 639 1584 inmisso
658 1532 759 1585 lumine
779 1533 881 1586 Manes.

153 1607 225 1674 llrgo
243 1608 383 1676 insperata
401 1607 566 1674 deprensum
585 1608 613 1658 in
632 1607 690 1668 luce
709 1613 822 1676 repente

154 1683 347 1751 Inclusumque
365 1699 430 1736 caro
450 1699 514 1734 saxo
534 1686 618 1750 atque
636 1683 743 1736 insueta
761 1684 908 1737 rudentem

153 1759 277 1829 Desuper
295 1759 408 1813 Alcides
426 1759 488 1812 telis
506 1759 614 1828 premit,
634 1759 776 1827 omniaque
795 1777 871 1813 arma

154 1836 286 1904 Advocat,
305 1840 334 1890 et
352 1837 434 1890 ramis
453 1835 591 1903 vastisque
610 1835 757 1890 molaribus
775 1837 867 1890 instat.
968 1853 1004 1891 aso

154 1913 204 1966 llle
222 1918 321 1979 autem,
340 1931 430 1982 neque
449 1913 520 1966 enim
539 1913 604 1980 fuga
621 1913 675 1964 iam
694 1929 776 1981 super
794 1912 849 1966 ulla
867 1913 968 1982 pericli,

153 1990 285 2044 Faucibus
303 1991 442 2058 ingentem
460 1989 571 2052 fumum,
590 1988 714 2042 mirabile
732 1989 815 2058 dictu,

153 2067 260 2120 Evomit
278 2067 445 2135 involvitque
464 2066 575 2119 domum
593 2066 707 2133 caligine
726 2083 813 2134 caeca,

154 2142 330 2212 Prospectum
350 2143 468 2210 eripiens
486 2143 576 2206 oculis,
594 2143 782 2212 glomeratque
801 2143 851 2196 sub
870 2147 949 2197 antro

154 2220 318 2292 fumiferam
336 2223 444 2272 noctem
463 2219 617 2272 commixtis
634 2219 697 2286 igne
715 2220 843 2274 tenebris.
967 2235 1003 2274 aas

152 2296 212 2350 Non
231 2297 296 2350 tulit
316 2295 427 2348 Alcides
445 2295 549 2363 animis,
570 2313 653 2364 seque
671 2296 730 2364 ipse
748 2296 907 2365 perignem

154 2373 298 2442 Praecipiti
317 2372 381 2426 iecit
400 2373 479 2440 saltu,
498 2389 553 2440 qua
570 2372 703 2441 plurimus
722 2371 823 2426 undam

153 2449 254 2503 fumus
272 2450 329 2517 agit
348 2449 502 2518 nebulaque
520 2449 615 2518 ingens
633 2465 730 2516 specus
748 2453 856 2504 aestuat
874 2453 940 2504 atra

155 2525 204 2578 llic
224 2527 324 2579 Cacum
343 2526 371 2578 in
389 2526 512 2580 tenebris
530 2525 656 2580 incendia
675 2543 743 2579 vana
762 2531 917 2581 vomentem

152 2601 271 2670 Corripit
289 2603 316 2654 in
335 2603 437 2657 nodum
456 2603 610 2672 conplexus,
629 2606 658 2656 et
676 2603 752 2670 angit
769 2603 914 2657 inhaerens
968 2620 1002 2656 am

153 2677 239 2730 Elisos
257 2679 349 2732 oculos
367 2684 396 2734 et
414 2681 514 2734 siccum
533 2681 664 2748 sanguine
681 2683 785 2747 guttur.

153 2753 286 2808 Panditur
304 2757 441 2824 externplo
458 2757 563 2811 foribus
581 2757 678 2810 domus
696 2759 757 2810 atra
775 2757 893 2824 revolsis,

152 2829 373 2899 Abstractaeque
391 2832 475 2887 boves
493 2834 688 2902 abiurataeque
706 2834 818 2902 rapinae

151 2907 232 2960 Caelo
251 2907 441 2975 ostenduntur,
459 2909 629 2979 pedibusque
647 2911 763 2962 informe
781 2911 898 2964 cadaver

152 2983 332 3037 Protrahitur.
371 2984 518 3054 Nequeunt
536 2986 640 3053 expleri
658 2987 742 3040 eorda
759 2986 862 3040 tuendo
966 3001 1002 3040 aas

151 3059 291 3114 Terribilis
309 3060 406 3126 ocules,
425 3061 527 3118 voltum
546 3061 693 3130 villosaque
711 3063 794 3115 sactis

154 3137 266 3191 Pectora
284 3135 404 3191 semiferi
422 3140 505 3206 atque
524 3137 672 3191 exstinctos
690 3137 813 3192 faucibus
830 3139 907 3207 iguis.

151 3213 192 3267 lix
210 3214 256 3267 illo
274 3213 429 3268 celebratus
447 3213 538 3279 honos,
557 3213 677 3282 laetique
695 3213 814 3268 minores
