2278 3568
138 178 169 223 92
375 171 404 218 P.
424 167 578 216 VERGILI
596 165 761 214 MARONIS

139 255 227 321 Perge
245 253 332 320 medo,
351 255 435 318 atque
454 250 516 302 binc
534 252 563 302 te
581 247 692 316 reginae
710 246 747 300 ad
763 247 857 302 limina
873 249 971 318 perier.

138 331 263 398 Namque
281 329 332 382 tibi
350 327 464 380 reduces
483 325 568 378 socios
587 326 757 394 classemque
775 325 889 379 relatam
953 339 989 380 see

138 408 242 460 Nuntio
261 410 289 460 et
306 405 334 457 in
352 407 443 457 tutum
462 403 548 456 versis
567 401 740 470 aquilonibus
758 407 854 469 actam,

138 485 163 540 N
166 486 175 538 i
192 485 295 536 frustra
312 481 456 548 augurium
475 479 538 533 vani
558 479 676 532 docuere
694 483 830 548 parentes.

139 562 240 629 Aspice
258 559 299 612 bis
318 574 397 610 senos
414 556 542 610 laetantis
561 555 669 624 agmine
688 572 790 625 cycnos,

138 638 271 691 Aetheria
289 652 356 703 quos
374 634 450 702 lapsa
467 633 549 701 plaga
569 633 641 686 lovis
660 634 717 687 ales
736 635 833 703 aperto

138 714 276 768 Turbabat
294 713 384 778 caelo;
402 727 474 764 nunc
493 713 583 763 terras
602 711 699 764 ordine
717 712 797 779 longo
956 725 991 764 aaa

139 795 196 844 Aut
214 807 311 859 capere
329 792 378 843 aut
396 793 488 858 captas
506 789 560 841 iam
580 789 741 857 despectare
759 788 902 842 videntur:

138 867 177 921 Ut
194 867 310 921 reduces
327 867 367 920 illi
384 865 484 920 ludunt
503 865 684 919 stridentibus
702 867 759 934 alis,

138 943 174 997 lut
191 948 272 998 coetu
290 945 400 998 cinxere
417 945 516 1012 polum,
535 947 687 1012 cantusque
706 942 815 1011 dedere,

138 1021 222 1074 Haud
240 1023 320 1076 aliter
338 1037 496 1090 puppesque
515 1026 580 1074 tuae
597 1021 740 1090 pubesque
758 1024 868 1074 tuorum
951 1019 952 1022 ’

138 1101 197 1151 Aut
213 1103 323 1166 portum
342 1102 432 1166 tenet,
446 1102 493 1152 aut
512 1097 592 1166 plene
612 1097 686 1150 subit
705 1099 775 1152 ostia
793 1097 859 1150 velo.
957 1109 992 1148 eoo

137 1173 226 1242 Perge
243 1175 332 1242 modo,
351 1178 387 1240 et,
407 1179 508 1243 quate
527 1175 603 1226 ducit
621 1176 672 1241 via,
692 1175 780 1241 dirige
798 1189 930 1241 gressum,

172 1251 256 1314 Dixit,
275 1255 304 1303 et
322 1254 448 1302 avertens
467 1267 546 1302 rosea
565 1250 671 1303 cervice
689 1251 803 1316 refulsit,

120 1327 355 1394 ,Ambrosiasque
374 1342 466 1378 comae
485 1325 607 1378 divinum
626 1327 727 1380 vertice
745 1326 857 1379 oderem

137 1404 288 1473 Spiravere,
306 1401 392 1471 pedes
412 1403 496 1456 vestis
515 1402 631 1456 defluxit
650 1403 686 1455 ad
703 1403 779 1469 imos,

137 1481 174 1534 ut
191 1497 256 1534 vera
272 1481 377 1532 incessu
395 1481 485 1548 patuit
504 1480 562 1533 dea.
602 1479 653 1532 Ille
672 1479 718 1532 ubi
738 1483 854 1532 matrem
956 1491 991 1530 eoa

138 1557 287 1626 Adgnovit,
305 1557 354 1610 tali
372 1557 522 1624 fugientem
543 1559 586 1610 est
604 1573 669 1610 voce
687 1561 810 1610 secutus:

137 1634 210 1699 Quid
228 1637 322 1687 natum
341 1634 452 1700 totiena,
472 1632 590 1686 crudelis
609 1637 641 1686 tu
659 1650 775 1702 quoque,
794 1633 868 1687 halsis

138 1711 222 1765 Ludis
241 1711 419 1780 imaginibus?
438 1727 487 1764 eur
505 1705 620 1764 dextrae
639 1709 752 1778 iungere
771 1708 898 1763 dextram

137 1788 199 1842 Non
217 1789 348 1842 daturae
366 1805 444 1842 veras
463 1787 558 1841 audire
579 1791 607 1840 et
626 1787 744 1840 reddere
763 1788 859 1841 vocesl

137 1864 246 1918 Talibus
264 1865 378 1931 incusat,
397 1880 577 1932 gressumque
596 1863 631 1916 ad
650 1864 756 1916 moenia
774 1863 871 1917 tendit.
958 1875 992 1914 lle

137 1943 178 1995 At
196 1941 289 1994 Venus
308 1942 422 1994 obscuro
440 1941 592 2010 gradientis
611 1958 674 1996 acre
693 1942 803 2011 saepsit,

137 2017 174 2070 Et
190 2015 276 2070 multo
295 2017 411 2070 nebulae
430 2019 531 2072 circum
551 2019 603 2072 dea
621 2019 694 2072 fudit
712 2019 820 2086 sanctu,

137 2093 256 2148 Cernere
275 2111 308 2147 ne
327 2094 388 2162 quis
406 2110 460 2162 eoa,
478 2111 532 2147 neu
551 2095 612 2163 quis
634 2095 791 2163 contingere
809 2095 910 2163 posset,

136 2169 261 2224 Molirive
280 2187 392 2238 moram,
410 2176 459 2224 aut
477 2171 604 2225 veniendi
624 2188 736 2241 poscere
755 2187 873 2225 caussas.

137 2246 202 2316 Ipsa
221 2246 344 2316 Paphum
363 2247 483 2301 sublimis
502 2247 567 2315 abit,
588 2249 721 2318 sedesque
738 2249 833 2302 revisit
955 2260 991 2300 41⁶

136 2323 222 2386 Laeta
240 2341 310 2393 suas,
328 2324 375 2378 ubi
394 2326 527 2393 templum
546 2326 592 2391 illi,
614 2330 779 2392 centumque
798 2321 903 2376 Sabaeo

136 2400 207 2454 Ture
225 2402 314 2456 calent
332 2419 396 2455 arae
416 2403 553 2470 sertisque
573 2401 728 2455 recentibus
746 2400 848 2452 halant.

171 2477 333 2545 Corripuere
352 2479 422 2531 viam
442 2479 555 2545 interea,
577 2495 630 2545 qua
648 2478 747 2530 semita
764 2479 906 2528 monstrat.

136 2553 250 2622 Iamque
268 2555 453 2608 ascendebant
472 2554 576 2622 collem,
597 2554 644 2622 qui
663 2553 796 2621 plurimus
814 2551 876 2605 urbi

136 2629 266 2683 Imminet
284 2630 468 2698 adversasque
486 2629 629 2698 adspectat
648 2631 768 2698 desuper
785 2645 868 2682 arces.
952 2642 989 2682 sao

135 2705 254 2760 Miratur
271 2706 370 2759 molem
390 2707 507 2771 Aeneas,
527 2706 642 2774 magalia
661 2706 807 2774 quondam,

135 2781 254 2836 Miratur
271 2787 364 2852 portas
383 2783 584 2852 strepitumque
604 2788 633 2838 et
652 2787 739 2838 strata
756 2785 870 2838 viarum.

136 2859 245 2912 Instant
263 2859 392 2912 ardentes
411 2859 484 2928 Tyrii
501 2877 565 2928 pars
584 2861 685 2914 ducere
703 2877 795 2916 muros

135 2935 279 3002 Molirique
297 2952 386 2988 arcem
405 2941 435 2990 et
453 2937 577 2990 manibus
597 2937 757 2992 subvolvere
774 2955 847 3006 saxa,

136 3011 203 3064 Pars
221 3015 317 3078 optare
333 3012 422 3065 locum
441 3017 514 3067 tecto
534 3018 562 3067 et
580 3014 741 3068 concludere
759 3015 847 3081 sulco;
951 3029 987 3068 sva

136 3087 201 3141 lura
219 3089 449 3158 magistratusque
467 3090 563 3158 legunt
582 3096 760 3162 sanctumque
780 3095 919 3156 senatum

135 3163 189 3219 Hic
205 3169 300 3234 portus
318 3165 364 3219 alii
380 3167 524 3222 effodiunt:
542 3168 586 3222 hie
604 3169 660 3222 alta
677 3169 779 3224 theatri

135 3239 325 3296 hhmdamenta
342 3241 433 3300 locant
451 3244 506 3314 alii,
523 3244 693 3316 inmaniaque
711 3245 850 3299 columnas
