2268 3570
137 189 183 236 304
269 175 273 183 ’
340 185 368 232 P.
389 182 541 232 VERGILI
558 181 723 232 MARONIS

136 266 288 336 spumabat
305 265 387 335 ripis;
404 269 498 319 tantus
516 281 545 318 se
562 263 681 318 nubibus
697 265 785 320 imber

137 343 269 412 Ruperat.
307 342 366 410 Ille,
385 342 481 395 innare
500 357 607 410 perans,
626 340 739 394 infantis
757 359 849 399 amors

136 418 279 486 Tardatur,
298 434 416 486 caroque
433 419 510 472 oneri
528 417 616 470 timet.
655 416 752 471 Omnia
771 436 863 475 secum
954 438 991 478 rso

138 495 265 548 Versunti
284 495 374 548 subito
393 495 439 547 vix
457 494 525 548 haec
543 494 682 547 sententia
701 494 785 548 sedit:

136 571 230 625 Telum
249 572 365 639 inmane,
384 587 466 623 manu
484 570 574 623 valide
594 569 668 636 quod
686 569 758 623 forte
776 572 891 639 gerebat

137 648 264 716 Bellatum
283 646 400 700 solidum
419 646 499 700 nodis
516 651 546 699 et
563 645 662 698 roboro
681 649 763 713 cocto,

137 725 208 777 Huic
226 728 327 790 nutum,
346 722 416 775 libro
435 726 464 776 et
483 722 601 775 silvestri
622 722 720 775 subere
739 723 865 792 clausum,

136 801 270 870 implicat,
289 803 373 868 utque
391 799 509 852 habilem
523 799 631 852 mediae
644 799 814 868 circumligat
826 801 922 856 hastae
930 825 936 868 ς
954 820 991 858 555

135 876 223 940 Quam
241 876 340 930 dextra
358 875 463 942 ingenti
481 875 585 927 librans
603 875 645 928 ita
664 875 699 928 ad
719 876 832 929 aethera
850 879 937 934 fatur:

136 947 224 1020 Alma,
242 953 294 1006 tibi
312 952 388 1019 hunc,
407 968 549 1004 nemorum
568 952 676 1018 cultrix,
698 953 812 1006 Latonia
832 956 915 1024 virgo,

136 1029 199 1097 lpse
217 1033 298 1098 puter
315 1029 444 1081 famulum
463 1045 559 1082 voveo:
584 1031 633 1081 tue
651 1029 741 1097 prima
758 1048 808 1098 per
826 1049 906 1085 auras

134 1105 200 1159 'l'ela
216 1109 315 1159 tenens
332 1105 447 1174 supplex
465 1105 573 1158 hostem
592 1105 670 1171 fugit.
714 1107 823 1174 Accipe,
842 1111 936 1175 testor,

135 1181 212 1249 Dium
231 1185 315 1248 tuum,
335 1197 406 1249 quae
424 1199 497 1234 nunc
516 1181 607 1234 dubiis
626 1182 808 1236 committitur
825 1185 906 1238 auris.
954 1201 991 1238 sm

134 1257 219 1324 Dixit,
239 1262 268 1311 ot
286 1257 407 1311 adducto
424 1261 579 1310 contortum
598 1256 697 1310 hastile
714 1257 816 1314 lacerto

134 1333 270 1387 inmittit:
290 1350 406 1386 sonuero
424 1334 528 1399 undse5
547 1333 674 1402 rapidum
694 1351 776 1403 super
793 1353 900 1390 amnem

135 1409 235 1463 Infelix
254 1409 326 1476 fugit
344 1409 371 1461 in
389 1409 477 1462 iuculo
496 1408 632 1462 stridente
652 1409 772 1464 Camilla.

135 1487 175 1538 At
194 1485 330 1553 Metabus,
349 1501 448 1552 inagna
465 1485 579 1554 propius
597 1486 651 1538 iam
671 1493 806 1554 urguente
825 1495 942 1561 caterve,

134 1561 189 1614 Dut
209 1578 268 1615 sese
287 1561 376 1630 fluvio,
396 1565 480 1629 atquc
499 1561 606 1616 hastam
625 1580 686 1615 cum
707 1564 810 1631 virgine
829 1567 916 1620 victor
953 1582 989 1621 555

134 1638 281 1692 Grumineo
299 1637 401 1690 donum
421 1637 527 1690 Triviae
546 1637 582 1690 de
600 1640 719 1708 caespite
738 1641 819 1694 vellit.

133 1714 195 1768 Non
213 1715 290 1768 illum
309 1715 391 1768 tectis
408 1715 487 1782 ullae,
502 1733 555 1768 non
574 1715 716 1769 moenibus
735 1717 816 1771 urbes

135 1792 282 1860 Accepere,
302 1807 392 1859 neque
409 1793 468 1860 ipsc
486 1809 582 1844 manus
600 1793 710 1846 feritate
730 1793 867 1850 dedisset:

135 1868 279 1921 Pastorum
298 1871 328 1921 et
346 1868 410 1921 solis
428 1868 522 1935 exegit
540 1867 679 1920 montibus
698 1886 802 1924 aevum.

135 1943 188 1997 Hic
205 1948 297 1998 natam
315 1944 344 1996 in
362 1943 452 1996 dumis
470 1943 598 2012 interque
616 1943 757 1999 horrentia
775 1946 863 2001 lustra
952 1964 989 2005 tro

134 2020 304 2074 Armentulis
322 2037 410 2090 equne
428 2020 553 2073 mammis
572 2022 602 2071 ot
620 2019 691 2072 lucto
710 2021 797 2074 ferino

134 2096 274 2166 Nutribat,
293 2096 397 2150 teneris
415 2096 567 2164 immulgens
587 2095 672 2149 ubere
689 2096 780 2152 labris.

135 2172 229 2241 thue
246 2173 348 2241 pedum
366 2173 462 2242 primis
479 2172 567 2225 inians
583 2173 698 2240 vestigia
714 2174 815 2242 plantis

135 2249 287 2319 Institerot,
306 2250 394 2302 iaculo
411 2250 517 2320 palmas
534 2249 651 2302 armavit
669 2255 755 2319 acuto,

134 2325 298 2395 Spiculaque
311 2342 346 2380 ex
358 2327 473 2381 humero
485 2343 586 2394 parvae
598 2327 741 2395 suspendit
752 2332 782 2381 et
794 2345 895 2384 eroum,
952 2347 988 2386 575

135 2401 188 2455 Pro
206 2403 300 2456 crinali
319 2420 393 2472 euro,
411 2420 461 2472 pro
479 2402 576 2472 longao
595 2403 717 2470 tegmine
736 2404 830 2472 pallae,

134 2479 253 2546 Tigridis
272 2480 386 2532 exuviae
402 2495 454 2547 per
472 2479 583 2532 dorsum
601 2495 617 2531 5
635 2480 736 2532 vertice
754 2481 882 2548 pendent.

134 2555 198 2608 Tela
215 2573 297 2608 monn
315 2556 368 2608 ium
387 2559 447 2608 tum
465 2559 561 2609 tenera
578 2555 695 2624 puerilia
713 2557 801 2624 torsit,

134 2632 171 2684 Et
188 2632 300 2685 fundam
319 2631 403 2685 tereti
421 2633 523 2684 circum
541 2635 624 2700 caput
642 2631 698 2698 ogit
716 2631 829 2699 habena,

134 2708 374 2776 Strymoniamque
386 2725 490 2776 gruem,
504 2711 553 2761 aut
565 2706 656 2760 ulbum
670 2707 771 2762 deiecit
783 2709 892 2768 olorem.
949 2728 987 2765 om

134 2785 240 2838 Multae
258 2785 452 2837 illem'irustra
470 2784 610 2852 Tyrrhena
627 2801 677 2853 per
695 2785 797 2855 oppidu
814 2790 915 2840 matres

135 2861 273 2929 Optavero
291 2878 405 2926 nurum;
424 2860 480 2914 sola
499 2864 627 2914 contenta
644 2860 731 2915 Diana

136 2939 288 2990 Aeternum
306 2937 423 2991 telorum
442 2941 471 2991 et
488 2937 654 3005 virginitatis
672 2955 791 2992 amorem

137 3013 305 3068 lntemerutu
323 3014 395 3068 colit
432 3013 539 3067 Vellem
558 3013 632 3067 haud
651 3018 777 3082 correpta
794 3015 890 3069 fuisset

136 3089 236 3144 Militis
253 3091 310 3159 tuli,
329 3095 425 3146 conatu
442 3089 575 3145 lacessere
594 3091 724 3146 Teucros:
948 3107 985 3145 555

136 3166 205 3221 (loru
223 3167 290 3221 mihi
308 3168 494 3236 comitumque
511 3167 583 3221 foret
601 3185 672 3221 nnnc
689 3185 744 3221 uno
761 3183 890 3221 meorum.

192 3257 240 3296 um
258 3259 316 3311 age,
335 3243 556 3312 quondoquidem
574 3242 639 3296 iotis
656 3247 790 3313 urguetur
807 3241 919 3301 acerbis,
