2278 3568
349 467 379 518 P.
405 467 560 518 VERGILI
578 467 743 520 MARONIS

316 632 359 708 A
385 634 419 706 E
444 633 483 707 Ν
508 634 542 706 Ε
569 634 591 706 Ι
618 634 656 707 D
684 635 718 710 O
746 635 773 711 S

398 809 515 866 aman
546 762 698 864 minus.

499 962 599 985 -—0-—-

125 1076 215 1129 Aann
232 1075 374 1143 virumque
391 1092 466 1142 cano,
486 1079 581 1131 'l'miae
599 1081 646 1147 qui
663 1080 765 1146 primus
782 1081 818 1133 ab
835 1081 890 1134 oris

125 1152 241 1218 Italiam,
258 1151 317 1204 fato
335 1152 472 1220 profugus,
492 1153 646 1221 Larinaque
663 1156 736 1209 venit

124 1228 226 1293 Litora,
244 1227 360 1280 multum
377 1227 424 1280 ille
441 1233 470 1281 ct
487 1230 569 1282 terris
585 1231 702 1283 iactatus
719 1235 749 1284 ct
766 1233 820 1284 alte

123 1305 160 1358 Vi
178 1322 313 1374 superum,
331 1311 427 1358 saevae
445 1322 592 1358 memorem
611 1307 721 1358 Iunonis
739 1307 774 1360 eb
791 1308 864 1374 iram,

124 1381 213 1435 Multa
231 1399 338 1451 quoque
357 1387 386 1435 et
404 1383 475 1435 belle
492 1399 595 1451 passus,
612 1383 677 1436 dum
694 1384 825 1437 conderet
840 1386 972 1452 urbanas

125 1460 299 1529 Inferrctque
317 1460 383 1513 deos
403 1459 489 1526 Latio,
506 1476 592 1527 genus
609 1459 682 1512 uude
699 1460 826 1514 Latinum

124 1537 279 1606 Albanique
296 1540 390 1606 patres
407 1540 491 1605 atquc
509 1536 581 1590 altae
599 1537 704 1590 moenia
722 1537 831 1591 Romae.

158 1614 244 1682 Musa,
263 1615 328 1668 mihi
345 1631 452 1669 caussas
470 1630 597 1681 memora,
617 1631 670 1682 que
688 1615 796 1668 numine
813 1613 894 1680 laeso,

123 1687 228 1757 Quidve
247 1691 348 1760 dolens,
366 1691 462 1760 regina
479 1691 560 1744 deum
578 1694 621 1744 tet
639 1692 747 1745 volvere
765 1707 842 1745 casus

123 1769 263 1838 Insignem
280 1770 384 1839 pietate
401 1769 496 1838 virum,
507 1769 548 1822 tot
565 1767 642 1821 adire
660 1767 767 1822 labores
948 1781 972 1820 10

123 1846 264 1914 Inpulcn't.
300 1847 439 1900 Tantaene
457 1845 552 1898 animis
570 1845 733 1899 caelestibus
750 1845 823 1900 imei

156 1999 230 2053 Urbs
248 2001 361 2068 antiqua
378 1999 438 2068 fuit,
456 2000 529 2068 Tyrii
546 2003 660 2052 tenuere
678 1999 770 2067 celani,

122 2077 272 2145 Karthago,
292 2076 402 2130 Italiam
419 2081 515 2130 contra
533 2075 712 2145 Tiberinaque
730 2075 810 2145 longe

121 2154 205 2222 Ostia,
225 2153 301 2207 dives
319 2170 400 2222 opum
419 2153 572 2222 studiisque
589 2154 738 2222 asperrima
755 2153 832 2217 belli3

121 2231 207 2296 Quam
227 2232 296 2284 Iuno
314 2230 402 2285 fertur
419 2232 500 2286 terris
518 2231 605 2299 magis
623 2230 746 2284 omnibus
764 2247 845 2284 unam
950 2244 973 2284 rt

124 2307 281 2361 Posthabita
298 2309 412 2361 coluisse
431 2309 526 2374 Samo;
545 2308 587 2360 hie
605 2307 676 2360 illius
694 2325 776 2376 arma,

120 2385 173 2438 Hic
191 2401 285 2438 currus
304 2385 369 2449 fuit3
387 2385 439 2438 hoa
457 2401 572 2451 regnum
591 2384 644 2436 dca
661 2384 789 2452 gentibus
807 2398 873 2447 esse,

119 2461 147 2515 Si
165 2479 219 2531 qua
236 2462 295 2515 fata
313 2463 409 2527 sinant,
428 2463 482 2514 ianr
501 2465 561 2514 tum
579 2460 726 2528 tenditque
744 2461 819 2512 fovet
839 2474 879 2514 ua

119 2537 281 2607 Progeniem
299 2539 347 2591 sad
365 2539 436 2592 enim
456 2538 571 2590 Troiane
589 2553 606 2590 a
624 2537 753 2604 sanguine
772 2535 834 2590 duci

118 2615 262 2684 Audierat,
280 2616 373 2684 'finias
391 2615 455 2668 elim
474 2632 543 2684 quae
562 2617 686 2668 verteret
704 2630 794 2679 arces3
949 2625 974 2664 aa

119 2693 191 2747 Hine
208 2691 337 2762 populum
355 2692 411 2746 late
429 2709 523 2760 regem
540 2691 668 2759 belloque
687 2690 834 2760 superbum

122 2769 272 2822 Venturum
291 2769 411 2823 exscidie
431 2769 546 2838 Libyae:
565 2769 604 2822 sie
622 2769 732 2822 volvere
752 2767 857 2820 Parcas

119 2845 153 2898 Id
170 2850 296 2900 metuens
314 2846 470 2916 veterisque
488 2863 594 2900 memor
613 2845 743 2900 Saturnia
761 2843 831 2911 belli,

118 2921 209 2976 Prima
227 2923 300 2992 quod
319 2923 354 2977 ad
374 2924 481 2978 Troiam
499 2939 549 2993 pre
567 2924 638 2977 caris
655 2925 781 2992 gesserat
800 2919 919 2988 Argis-

118 2998 242 3053 Nccdnm
260 3001 342 3056 etiam
361 3018 471 3054 caussae
489 3001 592 3054 irarum
611 3001 739 3069 saevique
758 2999 866 3052 doleres
947 3009 972 3050 aa

118 3076 284 3132 Exciderant
302 3079 404 3134 animo:
422 3082 515 3132 manet
533 3078 590 3132 alta
607 3082 699 3132 mente
718 3079 858 3146 repostum

118 3151 252 3206 Iudicium
272 3154 376 3209 Paridis
395 3159 559 3225 spretaeque
576 3155 675 3208 iniuria
692 3154 803 3223 fermaa

118 3229 153 3282 Et
171 3245 258 3293 genus
274 3231 396 3296 invisum,
414 3235 443 3286 et
460 3232 532 3298 rapti
551 3231 717 3294 Ganymedis
735 3229 865 3290 honorem
897 3245 899 3253 ’
