2268 3570
137 155 182 203 278
349 151 378 198 P.
398 150 552 198 VERGILI
570 149 738 198 MARONIS

137 233 277 286 Sternitur
295 231 433 285 Arcadiae
450 231 548 298 proles,
566 233 726 284 sternuntur
745 232 861 296 Etrusci,

138 310 173 362 Et
191 326 246 376 ros,
265 325 281 362 o
300 308 390 362 Graiis
408 307 545 374 inperdita
562 324 683 375 corpora,
702 307 806 360 Teucri.
953 327 987 365 ιω

139 387 257 454 Agmina
275 391 440 439 concurrunt
458 384 628 452 ducibusque
646 389 675 438 et
694 384 796 437 uiribus
814 387 916 454 aequis.

140 463 265 516 Extremi
283 463 436 514 addensent
454 461 543 524 acies;
561 478 611 514 nec
628 461 711 514 turba
728 463 830 514 moveri

139 540 204 592 Tela
222 555 373 607 manusque
391 539 465 591 sinit.
503 538 575 590 Hinc
595 537 685 590 Pallas
702 539 787 591 instat
805 542 835 591 et
852 548 959 606 urguet,

124 616 214 669 ,lline
232 620 327 668 contra
345 615 456 675 Lausus
474 631 524 668 nec
542 615 658 667 multum
677 615 815 682 discrepat
832 621 916 684 aetas,

139 693 249 760 Egregii
268 693 369 755 forrua3
387 691 436 744 sed
455 692 516 759 quis
533 692 643 744 fortuna
660 697 774 758 negarat
953 710 989 746 eu

142 769 173 820 lu
192 769 311 836 patriam
329 768 442 826 reditus.
480 768 558 836 Ipsos
576 785 738 821 concurrere
755 786 852 836 passus

141 845 223 898 Haud
240 849 333 898 tamen
351 846 424 898 inter
443 861 472 897 se
490 844 582 912 magni
600 849 730 911 regnator
749 844 873 913 Olympi;

140 920 205 973 Mox
224 921 286 975 illos
304 939 353 975 sua
370 922 429 974 fata
447 926 559 974 manent
577 921 679 973 maiore
697 920 748 973 sub
765 921 850 974 hoste.

174 997 285 1051 Interea
303 1015 379 1051 soror
397 998 468 1051 alma
485 1001 578 1050 monet
597 997 745 1050 succedere
764 997 852 1050 Lauso

139 1073 268 1141 Turnum,
286 1076 333 1143 qui
351 1075 454 1128 volucri
472 1091 554 1126 curru
572 1073 692 1126 medium
712 1082 786 1127 secat
803 1091 908 1141 agmen.
953 1089 990 1126 em

138 1149 179 1204 Ut
195 1150 265 1203 vidit
283 1151 383 1204 socios:
402 1150 520 1218 Tempus
538 1149 673 1202 desistere
690 1167 811 1218 pugnae3

139 1225 218 1279 Solus
235 1243 286 1294 ego
303 1227 332 1278 in
352 1226 475 1279 Pallanta
492 1227 580 1289 feror;
597 1226 647 1278 soli
666 1226 731 1278 mihi
751 1226 840 1279 Pallas

141 1302 283 1367 Debetur;
301 1319 428 1370 cuperem
447 1303 506 1370 ipse
524 1318 623 1370 parens
641 1306 780 1370 spectator
796 1304 914 1357 adesset.

142 1377 216 1431 Haec
234 1380 287 1443 ait;
305 1383 334 1432 et
351 1379 417 1432 socii
435 1383 576 1430 cesserunt
593 1395 712 1446 aequore
729 1379 809 1432 iusso.

145 1458 191 1522 At,
210 1455 344 1508 Rutulum
362 1454 497 1522 abscessu,
514 1455 619 1506 iuvenis
638 1459 697 1507 tum
715 1455 789 1508 iussa
806 1457 924 1524 superba
953 1471 989 1510 44⁵

144 1531 259 1585 Miratus
278 1536 372 1600 stupet
390 1532 417 1584 in
436 1531 534 1598 Turno,
552 1547 704 1599 corpusque
722 1533 886 1600 peringens

143 1607 256 1660 humina
272 1608 363 1673 volvit,
382 1607 495 1675 obitque
513 1607 586 1660 truci
604 1607 698 1675 procul
716 1609 807 1660 omnia
825 1609 892 1676 visu,

140 1683 249 1736 Talibus
267 1688 295 1737 et
314 1685 395 1738 dietis
413 1685 437 1736 it
454 1687 550 1736 contra
567 1683 643 1736 dicta
659 1685 782 1752 tyranni:

141 1760 199 1813 Aut
217 1760 309 1829 spoliis
328 1777 379 1828 ego
396 1761 450 1813 iarn
468 1760 556 1828 raptis
573 1759 706 1812 laudabor
724 1761 831 1829 opimis,

141 1837 200 1889 Aut
218 1836 274 1890 leto
293 1837 409 1905 insigni;
428 1837 496 1889 sorti
514 1840 593 1903 pater
611 1852 715 1904 aequus
734 1838 845 1905 utrique
862 1842 912 1892 est.
953 1852 990 1891 eso

140 1912 214 1965 Tolle
232 1915 326 1965 minas,
363 1913 448 1966 Fatus
466 1912 587 1965 medium
605 1913 730 1979 procedit
747 1913 775 1966 in
793 1931 903 1983 aequor.

142 1989 269 2055 Frigidus
289 1989 443 2042 Arcadibus
461 1989 515 2041 coit
532 1989 560 2040 in
577 1989 738 2056 praecordia
755 1993 873 2058 sanguis.

141 2065 258 2118 Desiluit
277 2066 383 2118 Turnus
401 2065 518 2132 biiugis;
535 2065 620 2132 pedes
638 2071 753 2133 apparat
770 2068 810 2120 ire

141 2141 302 2195 Comminus.
338 2141 433 2210 thue
451 2141 500 2209 leo,
519 2141 629 2209 specula
646 2159 707 2194 cum
726 2143 795 2196 vidit
811 2144 847 2197 ab
866 2146 921 2200 alta

140 2217 218 2270 Stare
231 2219 325 2286 procul
338 2219 441 2287 campis
453 2218 633 2270 meditantem
646 2219 674 2270 in
686 2219 790 2286 proelia
801 2224 918 2287 taurum,
954 2237 991 2276 45⁵

141 2294 273 2348 Advolat:
292 2294 365 2347 haud
383 2294 436 2347 alia
454 2298 497 2346 est
516 2294 599 2346 Turni
618 2296 752 2348 venientis
770 2296 867 2364 imago.

140 2371 221 2423 Hunc
242 2370 290 2422 ubi
310 2372 468 2437 contiguum
487 2371 586 2422 missae
604 2371 661 2423 lore
680 2372 799 2425 eredidit
817 2373 919 2441 hastae,

140 2447 186 2499 Ire
205 2447 280 2515 prior
301 2446 398 2512 Pallas,
418 2447 440 2498 si
459 2463 513 2514 qua
531 2447 587 2499 fors
605 2446 717 2502 adiuvet
735 2465 831 2502 ausum

140 2523 253 2574 Viribus
271 2523 419 2590 inparibus,
438 2539 621 2591 magnumque
639 2523 678 2576 ita
696 2524 732 2577 ad
750 2525 863 2579 aethera
879 2527 972 2579 fatur:

141 2601 192 2652 l’er
204 2600 291 2667 patris
304 2599 452 2667 hospitium
466 2603 495 2652 ct
507 2615 621 2667 mensas,
635 2617 703 2668 quas
715 2601 820 2654 advena
831 2602 922 2666 adisti,
954 2618 992 2656 eoo

138 2675 176 2728 Te
195 2691 298 2743 precor,
320 2675 425 2742 Alcide,
445 2675 549 2742 coeptis
567 2675 725 2742 ingentibus
743 2677 822 2730 adsis.

139 2751 240 2804 Cernat
260 2753 387 2805 semineci
406 2752 457 2804 sibi
477 2769 520 2804 me
538 2768 635 2819 rapere
654 2769 729 2806 arma
747 2758 867 2820 cruenta,

140 2828 334 2897 l'ictoremque
353 2829 443 2881 ierant
461 2828 605 2880 morientia
623 2828 725 2881 lumina
744 2829 834 2882 Turni.

141 2905 239 2957 Audiit
259 2905 370 2957 Alcides
389 2905 521 2968 iuvenem,
540 2919 723 2972 magnumque
741 2905 791 2957 sub
809 2906 863 2958 imo

139 2980 228 3034 Corde
247 2983 348 3049 premit
366 2981 500 3049 gemitum
518 2979 698 3048 lacrimasque
716 2980 832 3034 effundit
849 2981 993 3038 insuisses

139 3057 207 3110 Tum
227 3057 342 3110 Genitor
359 3062 454 3109 natum
473 3055 554 3107 dictis
572 3055 682 3109 adfatur
701 3057 811 3111 amicis:

154 3135 203 3186 aa,
222 3151 270 3186 sua
288 3135 386 3201 cuique
405 3133 481 3195 dies3
498 3130 582 3183 breve
601 3135 630 3185 et
648 3132 829 3201 inreparabile
847 3141 956 3204 tempus

193 3210 273 3278 nibus
291 3212 334 3263 est
353 3210 442 3269 vitae:
461 3206 510 3260 sed
528 3207 626 3260 famam
646 3210 795 3263 extendere
810 3211 896 3279 factis,
