<?xml version="1.0" encoding="UTF-8"?>
<!DOCTYPE html PUBLIC "-//W3C//DTD XHTML 1.0 Transitional//EN"
    "http://www.w3.org/TR/xhtml1/DTD/xhtml1-transitional.dtd">
<html xmlns="http://www.w3.org/1999/xhtml" xml:lang="en" lang="en">
 <head>
  <title>
</title>
<meta http-equiv="Content-Type" content="text/html;charset=utf-8" />
  <meta name='ocr-system' content='tesseract 3.04.00' />
  <meta name='ocr-capabilities' content='ocr_page ocr_carea ocr_par ocr_line ocrx_word'/>
</head>
<body>
  <div class='ocr_page' id='page_1' title='image "./operaexrecensio01virggoog_0132.png"; bbox 0 0 2278 3568; ppageno 0'>
   <div class='ocr_carea' id='block_1_1' title="bbox 412 121 1007 181">
    <p class='ocr_par' dir='ltr' id='par_1_1' title="bbox 412 121 1007 181">
     <span class='ocr_line' id='line_1_1' title="bbox 412 121 1007 181; baseline 0.018 -12"><span class='ocrx_word' id='word_1_1' title='bbox 412 121 596 171; x_wconf 80' lang='lat' dir='ltr'>AENEIDOS</span> <span class='ocrx_word' id='word_1_2' title='bbox 620 123 689 172; x_wconf 89' lang='lat' dir='ltr'><strong>LIB.</strong></span> <span class='ocrx_word' id='word_1_3' title='bbox 712 124 749 174; x_wconf 94' lang='lat' dir='ltr'>II.</span> <span class='ocrx_word' id='word_1_4' title='bbox 963 133 1007 181; x_wconf 85' lang='lat'>121</span> 
     </span>
    </p>
   </div>
   <div class='ocr_carea' id='block_1_2' title="bbox 80 203 1011 809">
    <p class='ocr_par' dir='ltr' id='par_1_2' title="bbox 148 203 798 272">
     <span class='ocr_line' id='line_1_2' title="bbox 148 203 798 272; baseline -0.003 -12"><span class='ocrx_word' id='word_1_5' title='bbox 148 203 318 260; x_wconf 85' lang='lat' dir='ltr'><strong>Commendo</strong></span> <span class='ocrx_word' id='word_1_6' title='bbox 336 203 415 256; x_wconf 89' lang='lat' dir='ltr'>soeiis</span> <span class='ocrx_word' id='word_1_7' title='bbox 433 205 463 257; x_wconf 89' lang='lat' dir='ltr'>et</span> <span class='ocrx_word' id='word_1_8' title='bbox 480 218 561 256; x_wconf 86' lang='lat' dir='ltr'>eurva</span> <span class='ocrx_word' id='word_1_9' title='bbox 578 203 649 258; x_wconf 83' lang='lat' dir='ltr'>valle</span> <span class='ocrx_word' id='word_1_10' title='bbox 666 203 798 272; x_wconf 85' lang='lat' dir='ltr'>reconde;</span> 
     </span>
    </p>

    <p class='ocr_par' dir='ltr' id='par_1_3' title="bbox 80 277 899 350">
     <span class='ocr_line' id='line_1_3' title="bbox 80 277 899 350; baseline 0.002 -16"><span class='ocrx_word' id='word_1_11' title='bbox 80 277 84 286; x_wconf 90' lang='grc'><strong><em>’</em></strong></span> <span class='ocrx_word' id='word_1_12' title='bbox 150 282 215 350; x_wconf 87' lang='lat' dir='ltr'>lpse</span> <span class='ocrx_word' id='word_1_13' title='bbox 232 277 329 333; x_wconf 88' lang='lat' dir='ltr'>urbem</span> <span class='ocrx_word' id='word_1_14' title='bbox 347 282 444 348; x_wconf 88' lang='lat' dir='ltr'>repeto</span> <span class='ocrx_word' id='word_1_15' title='bbox 463 281 493 333; x_wconf 90' lang='lat' dir='ltr'>et</span> <span class='ocrx_word' id='word_1_16' title='bbox 511 279 605 345; x_wconf 79' lang='lat' dir='ltr'>cingor</span> <span class='ocrx_word' id='word_1_17' title='bbox 625 280 792 348; x_wconf 75' lang='lat' dir='ltr'>fulgentibus</span> <span class='ocrx_word' id='word_1_18' title='bbox 810 283 899 336; x_wconf 85' lang='lat' dir='ltr'>amnis.</span> 
     </span>
    </p>

    <p class='ocr_par' dir='ltr' id='par_1_4' title="bbox 150 357 1011 425">
     <span class='ocr_line' id='line_1_4' title="bbox 150 357 1011 425; baseline 0 -11"><span class='ocrx_word' id='word_1_19' title='bbox 150 359 212 414; x_wconf 80' lang='lat' dir='ltr'>Stat</span> <span class='ocrx_word' id='word_1_20' title='bbox 232 374 310 410; x_wconf 86' lang='lat' dir='ltr'>casus</span> <span class='ocrx_word' id='word_1_21' title='bbox 327 372 458 410; x_wconf 85' lang='lat' dir='ltr'>renovare</span> <span class='ocrx_word' id='word_1_22' title='bbox 476 357 571 422; x_wconf 91' lang='lat' dir='ltr'>omnis,</span> <span class='ocrx_word' id='word_1_23' title='bbox 591 373 756 425; x_wconf 90' lang='lat' dir='ltr'>omnemque</span> <span class='ocrx_word' id='word_1_24' title='bbox 773 360 875 413; x_wconf 87' lang='lat' dir='ltr'>reverti</span> <span class='ocrx_word' id='word_1_25' title='bbox 974 374 1011 414; x_wconf 79' lang='lat' dir='ltr'>rso</span> 
     </span>
    </p>

    <p class='ocr_par' dir='ltr' id='par_1_5' title="bbox 88 431 910 580">
     <span class='ocr_line' id='line_1_5' title="bbox 88 431 910 502; baseline 0.001 -14"><span class='ocrx_word' id='word_1_26' title='bbox 88 435 92 440; x_wconf 83' lang='lat'>&#39;</span> <span class='ocrx_word' id='word_1_27' title='bbox 152 435 205 489; x_wconf 91' lang='lat' dir='ltr'>Per</span> <span class='ocrx_word' id='word_1_28' title='bbox 223 435 339 500; x_wconf 83' lang='lat' dir='ltr'>Troiam,</span> <span class='ocrx_word' id='word_1_29' title='bbox 358 437 387 487; x_wconf 90' lang='lat' dir='ltr'>et</span> <span class='ocrx_word' id='word_1_30' title='bbox 405 449 501 486; x_wconf 88' lang='lat' dir='ltr'>rursus</span> <span class='ocrx_word' id='word_1_31' title='bbox 521 437 604 502; x_wconf 88' lang='lat' dir='ltr'>eaput</span> <span class='ocrx_word' id='word_1_32' title='bbox 624 433 761 488; x_wconf 88' lang='lat' dir='ltr'>obiectare</span> <span class='ocrx_word' id='word_1_33' title='bbox 779 431 910 502; x_wconf 83' lang='lat' dir='ltr'>periclis&#39;</span> 
     </span>
     <span class='ocr_line' id='line_1_6' title="bbox 186 509 853 580; baseline 0 -15"><span class='ocrx_word' id='word_1_34' title='bbox 186 511 321 580; x_wconf 81' lang='lat' dir='ltr'>Principio</span> <span class='ocrx_word' id='word_1_35' title='bbox 339 525 431 563; x_wconf 89' lang='lat' dir='ltr'>muros</span> <span class='ocrx_word' id='word_1_36' title='bbox 450 509 620 578; x_wconf 75' lang='lat' dir='ltr'><strong>obscuraque</strong></span> <span class='ocrx_word' id='word_1_37' title='bbox 639 509 731 562; x_wconf 88' lang='lat' dir='ltr'>limina</span> <span class='ocrx_word' id='word_1_38' title='bbox 749 515 853 578; x_wconf 84' lang='lat' dir='ltr'>portae,</span> 
     </span>
    </p>

    <p class='ocr_par' dir='ltr' id='par_1_6' title="bbox 150 586 931 658">
     <span class='ocr_line' id='line_1_7' title="bbox 150 586 931 658; baseline -0.001 -15"><span class='ocrx_word' id='word_1_39' title='bbox 150 589 210 653; x_wconf 88' lang='lat' dir='ltr'>Qua</span> <span class='ocrx_word' id='word_1_40' title='bbox 228 604 352 658; x_wconf 83' lang='lat' dir='ltr'>gressum</span> <span class='ocrx_word' id='word_1_41' title='bbox 371 586 531 653; x_wconf 76' lang='lat' dir='ltr'>extuleram,</span> <span class='ocrx_word' id='word_1_42' title='bbox 551 591 656 654; x_wconf 87' lang='lat' dir='ltr'>repete,</span> <span class='ocrx_word' id='word_1_43' title='bbox 675 590 704 639; x_wconf 92' lang='lat' dir='ltr'>et</span> <span class='ocrx_word' id='word_1_44' title='bbox 721 587 838 656; x_wconf 84' lang='lat' dir='ltr'>vestigia</span> <span class='ocrx_word' id='word_1_45' title='bbox 855 591 931 642; x_wconf 88' lang='lat' dir='ltr'>retro</span> 
     </span>
    </p>

    <p class='ocr_par' dir='ltr' id='par_1_7' title="bbox 151 662 891 732">
     <span class='ocr_line' id='line_1_8' title="bbox 151 662 891 732; baseline 0 -13"><span class='ocrx_word' id='word_1_46' title='bbox 151 665 303 719; x_wconf 86' lang='lat' dir='ltr'>Observata</span> <span class='ocrx_word' id='word_1_47' title='bbox 321 679 419 732; x_wconf 87' lang='lat' dir='ltr'>sequor</span> <span class='ocrx_word' id='word_1_48' title='bbox 437 679 486 730; x_wconf 90' lang='lat' dir='ltr'>per</span> <span class='ocrx_word' id='word_1_49' title='bbox 504 667 613 716; x_wconf 86' lang='lat' dir='ltr'>noctem</span> <span class='ocrx_word' id='word_1_50' title='bbox 632 667 661 716; x_wconf 92' lang='lat' dir='ltr'>et</span> <span class='ocrx_word' id='word_1_51' title='bbox 679 662 780 718; x_wconf 90' lang='lat' dir='ltr'>lumine</span> <span class='ocrx_word' id='word_1_52' title='bbox 798 665 891 719; x_wconf 91' lang='lat' dir='ltr'>lustro.</span> 
     </span>
    </p>

    <p class='ocr_par' dir='ltr' id='par_1_8' title="bbox 152 739 1008 809">
     <span class='ocr_line' id='line_1_9' title="bbox 152 739 1008 809; baseline 0.001 -13"><span class='ocrx_word' id='word_1_53' title='bbox 152 743 259 796; x_wconf 87' lang='lat' dir='ltr'>Horror</span> <span class='ocrx_word' id='word_1_54' title='bbox 276 740 376 809; x_wconf 90' lang='lat' dir='ltr'>ubique</span> <span class='ocrx_word' id='word_1_55' title='bbox 394 740 505 808; x_wconf 88' lang='lat' dir='ltr'>animos,</span> <span class='ocrx_word' id='word_1_56' title='bbox 524 739 602 792; x_wconf 89' lang='lat' dir='ltr'>simul</span> <span class='ocrx_word' id='word_1_57' title='bbox 620 739 679 807; x_wconf 91' lang='lat' dir='ltr'>ipsa</span> <span class='ocrx_word' id='word_1_58' title='bbox 697 740 804 795; x_wconf 86' lang='lat' dir='ltr'>silentia</span> <span class='ocrx_word' id='word_1_59' title='bbox 821 745 935 797; x_wconf 85' lang='lat' dir='ltr'>terrent.</span> <span class='ocrx_word' id='word_1_60' title='bbox 972 755 1008 797; x_wconf 90' lang='grc'>755</span> 
     </span>
    </p>
   </div>
   <div class='ocr_carea' id='block_1_3' title="bbox 54 814 880 886">
    <p class='ocr_par' dir='ltr' id='par_1_9' title="bbox 54 814 880 886">
     <span class='ocr_line' id='line_1_10' title="bbox 54 814 880 886; baseline 0.001 -14"><span class='ocrx_word' id='word_1_61' title='bbox 54 842 58 850; x_wconf 95' lang='grc'><em>·</em></span> <span class='ocrx_word' id='word_1_62' title='bbox 151 818 222 872; x_wconf 90' lang='lat' dir='ltr'>Inde</span> <span class='ocrx_word' id='word_1_63' title='bbox 240 818 360 884; x_wconf 90' lang='lat' dir='ltr'>domum,</span> <span class='ocrx_word' id='word_1_64' title='bbox 379 816 401 869; x_wconf 90' lang='lat' dir='ltr'>si</span> <span class='ocrx_word' id='word_1_65' title='bbox 420 817 491 870; x_wconf 87' lang='lat' dir='ltr'>ferte</span> <span class='ocrx_word' id='word_1_66' title='bbox 510 814 616 884; x_wconf 89' lang='lat' dir='ltr'>pedem,</span> <span class='ocrx_word' id='word_1_67' title='bbox 635 816 658 868; x_wconf 89' lang='lat' dir='ltr'>si</span> <span class='ocrx_word' id='word_1_68' title='bbox 675 817 747 870; x_wconf 90' lang='lat' dir='ltr'>ferte</span> <span class='ocrx_word' id='word_1_69' title='bbox 764 818 880 886; x_wconf 87' lang='lat' dir='ltr'>tulisset,</span> 
     </span>
    </p>
   </div>
   <div class='ocr_carea' id='block_1_4' title="bbox 150 891 1005 1268">
    <p class='ocr_par' dir='ltr' id='par_1_10' title="bbox 151 891 987 960">
     <span class='ocr_line' id='line_1_11' title="bbox 151 891 987 960; baseline 0.002 -12"><span class='ocrx_word' id='word_1_70' title='bbox 151 895 196 948; x_wconf 89' lang='lat' dir='ltr'>Me</span> <span class='ocrx_word' id='word_1_71' title='bbox 208 895 304 948; x_wconf 88' lang='lat' dir='ltr'>refero.</span> <span class='ocrx_word' id='word_1_72' title='bbox 343 894 491 947; x_wconf 89' lang='lat' dir='ltr'>inruerant</span> <span class='ocrx_word' id='word_1_73' title='bbox 503 891 598 960; x_wconf 87' lang='lat' dir='ltr'>Danai,</span> <span class='ocrx_word' id='word_1_74' title='bbox 608 895 638 946; x_wconf 90' lang='lat' dir='ltr'>et</span> <span class='ocrx_word' id='word_1_75' title='bbox 646 897 750 946; x_wconf 88' lang='lat' dir='ltr'>tectum</span> <span class='ocrx_word' id='word_1_76' title='bbox 761 911 840 948; x_wconf 92' lang='lat' dir='ltr'>omne</span> <span class='ocrx_word' id='word_1_77' title='bbox 848 895 987 950; x_wconf 85' lang='lat' dir='ltr'>tenebant.</span> 
     </span>
    </p>

    <p class='ocr_par' dir='ltr' id='par_1_11' title="bbox 151 969 809 1038">
     <span class='ocr_line' id='line_1_12' title="bbox 151 969 809 1038; baseline 0 -14"><span class='ocrx_word' id='word_1_78' title='bbox 151 971 229 1025; x_wconf 90' lang='lat' dir='ltr'>llieet</span> <span class='ocrx_word' id='word_1_79' title='bbox 247 971 317 1038; x_wconf 88' lang='lat' dir='ltr'>ignis</span> <span class='ocrx_word' id='word_1_80' title='bbox 336 970 406 1024; x_wconf 83' lang='lat' dir='ltr'>edax</span> <span class='ocrx_word' id='word_1_81' title='bbox 426 985 531 1022; x_wconf 90' lang='lat' dir='ltr'>summa</span> <span class='ocrx_word' id='word_1_82' title='bbox 549 969 585 1022; x_wconf 87' lang='lat' dir='ltr'>ad</span> <span class='ocrx_word' id='word_1_83' title='bbox 603 969 711 1036; x_wconf 80' lang='lat' dir='ltr'>fastigia</span> <span class='ocrx_word' id='word_1_84' title='bbox 728 973 809 1024; x_wconf 84' lang='lat' dir='ltr'>vente</span> 
     </span>
    </p>

    <p class='ocr_par' dir='ltr' id='par_1_12' title="bbox 150 1045 981 1114">
     <span class='ocr_line' id='line_1_13' title="bbox 150 1045 981 1114; baseline 0.005 -16"><span class='ocrx_word' id='word_1_85' title='bbox 150 1045 291 1111; x_wconf 75' lang='lat' dir='ltr'>Volvitur,</span> <span class='ocrx_word' id='word_1_86' title='bbox 310 1048 478 1114; x_wconf 73' lang='lat' dir='ltr'>exsuperant</span> <span class='ocrx_word' id='word_1_87' title='bbox 496 1045 627 1111; x_wconf 85' lang='lat' dir='ltr'>flammae,</span> <span class='ocrx_word' id='word_1_88' title='bbox 645 1046 712 1100; x_wconf 88' lang='lat' dir='ltr'>furit</span> <span class='ocrx_word' id='word_1_89' title='bbox 730 1051 821 1102; x_wconf 86' lang='lat' dir='ltr'>aestus</span> <span class='ocrx_word' id='word_1_90' title='bbox 838 1047 875 1101; x_wconf 85' lang='lat' dir='ltr'>ad</span> <span class='ocrx_word' id='word_1_91' title='bbox 891 1064 981 1102; x_wconf 82' lang='lat' dir='ltr'>auras.</span> 
     </span>
    </p>

    <p class='ocr_par' dir='ltr' id='par_1_13' title="bbox 150 1122 1005 1268">
     <span class='ocr_line' id='line_1_14' title="bbox 151 1122 1005 1197; baseline 0.006 -21"><span class='ocrx_word' id='word_1_92' title='bbox 151 1123 275 1197; x_wconf 18' lang='lat' dir='ltr'>Procedo*</span> <span class='ocrx_word' id='word_1_93' title='bbox 290 1131 318 1176; x_wconf 90' lang='lat' dir='ltr'>et</span> <span class='ocrx_word' id='word_1_94' title='bbox 339 1123 439 1176; x_wconf 85' lang='lat' dir='ltr'>Priami</span> <span class='ocrx_word' id='word_1_95' title='bbox 458 1122 538 1176; x_wconf 90' lang='lat' dir='ltr'>sedes</span> <span class='ocrx_word' id='word_1_96' title='bbox 556 1139 700 1192; x_wconf 89' lang='lat' dir='ltr'>arcemque</span> <span class='ocrx_word' id='word_1_97' title='bbox 718 1125 813 1178; x_wconf 89' lang='lat' dir='ltr'>reviso.</span> <span class='ocrx_word' id='word_1_98' title='bbox 969 1141 1005 1181; x_wconf 80' lang='lat' dir='ltr'>roe</span> 
     </span>
     <span class='ocr_line' id='line_1_15' title="bbox 150 1197 755 1268; baseline 0 -16"><span class='ocrx_word' id='word_1_99' title='bbox 150 1199 186 1253; x_wconf 80' lang='lat' dir='ltr'>ut</span> <span class='ocrx_word' id='word_1_100' title='bbox 202 1200 256 1252; x_wconf 87' lang='lat' dir='ltr'>iam</span> <span class='ocrx_word' id='word_1_101' title='bbox 275 1197 424 1268; x_wconf 88' lang='lat' dir='ltr'>porticibus</span> <span class='ocrx_word' id='word_1_102' title='bbox 443 1199 535 1253; x_wconf 85' lang='lat' dir='ltr'>vacuis</span> <span class='ocrx_word' id='word_1_103' title='bbox 555 1199 665 1254; x_wconf 89' lang='lat' dir='ltr'>Iunonis</span> <span class='ocrx_word' id='word_1_104' title='bbox 683 1201 755 1268; x_wconf 89' lang='lat' dir='ltr'>asylo</span> 
     </span>
    </p>
   </div>
   <div class='ocr_carea' id='block_1_5' title="bbox 36 1274 766 1333">
    <p class='ocr_par' dir='ltr' id='par_1_14' title="bbox 36 1274 766 1333">
     <span class='ocr_line' id='line_1_16' title="bbox 36 1274 766 1333; baseline -0.001 -3"><span class='ocrx_word' id='word_1_105' title='bbox 36 1317 37 1322; x_wconf 33' lang='lat'>1</span> <span class='ocrx_word' id='word_1_106' title='bbox 67 1327 69 1333; x_wconf 71' lang='grc'><strong>,</strong></span> <span class='ocrx_word' id='word_1_107' title='bbox 150 1274 283 1330; x_wconf 84' lang='lat' dir='ltr'>Custodes</span> <span class='ocrx_word' id='word_1_108' title='bbox 302 1275 366 1328; x_wconf 86' lang='lat' dir='ltr'>loeti</span> <span class='ocrx_word' id='word_1_109' title='bbox 388 1275 509 1329; x_wconf 85' lang='lat' dir='ltr'>Phoenix</span> <span class='ocrx_word' id='word_1_110' title='bbox 529 1279 557 1329; x_wconf 89' lang='lat' dir='ltr'>et</span> <span class='ocrx_word' id='word_1_111' title='bbox 576 1275 652 1330; x_wconf 88' lang='lat' dir='ltr'>dirus</span> <span class='ocrx_word' id='word_1_112' title='bbox 671 1276 766 1330; x_wconf 86' lang='lat' dir='ltr'>Ulixes</span> 
     </span>
    </p>
   </div>
   <div class='ocr_carea' id='block_1_6' title="bbox 148 1349 1005 2810">
    <p class='ocr_par' dir='ltr' id='par_1_15' title="bbox 149 1349 1005 1712">
     <span class='ocr_line' id='line_1_17' title="bbox 150 1349 917 1423; baseline 0.007 -19"><span class='ocrx_word' id='word_1_113' title='bbox 150 1349 284 1406; x_wconf 80' lang='lat' dir='ltr'>Praedam</span> <span class='ocrx_word' id='word_1_114' title='bbox 303 1351 492 1406; x_wconf 87' lang='lat' dir='ltr'>adservabant.</span> <span class='ocrx_word' id='word_1_115' title='bbox 532 1353 595 1408; x_wconf 90' lang='lat' dir='ltr'>Hue</span> <span class='ocrx_word' id='word_1_116' title='bbox 613 1351 735 1420; x_wconf 89' lang='lat' dir='ltr'>undique</span> <span class='ocrx_word' id='word_1_117' title='bbox 754 1354 834 1408; x_wconf 84' lang='lat' dir='ltr'>Troia</span> <span class='ocrx_word' id='word_1_118' title='bbox 851 1372 917 1423; x_wconf 80' lang='lat' dir='ltr'>gaza</span> 
     </span>
     <span class='ocr_line' id='line_1_18' title="bbox 150 1428 821 1499; baseline 0.004 -17"><span class='ocrx_word' id='word_1_119' title='bbox 150 1429 271 1482; x_wconf 82' lang='lat' dir='ltr'>incensis</span> <span class='ocrx_word' id='word_1_120' title='bbox 290 1431 386 1496; x_wconf 88' lang='lat' dir='ltr'>erepta</span> <span class='ocrx_word' id='word_1_121' title='bbox 404 1428 500 1496; x_wconf 85' lang='lat' dir='ltr'>adytis,</span> <span class='ocrx_word' id='word_1_122' title='bbox 519 1445 683 1498; x_wconf 87' lang='lat' dir='ltr'>mensaeque</span> <span class='ocrx_word' id='word_1_123' title='bbox 701 1429 821 1499; x_wconf 90' lang='lat' dir='ltr'>deorum,</span> 
     </span>
     <span class='ocr_line' id='line_1_19' title="bbox 150 1504 1005 1574; baseline -0.005 -14"><span class='ocrx_word' id='word_1_124' title='bbox 150 1505 332 1574; x_wconf 87' lang='lat' dir='ltr'>Crateresque</span> <span class='ocrx_word' id='word_1_125' title='bbox 352 1521 417 1557; x_wconf 90' lang='lat' dir='ltr'>auro</span> <span class='ocrx_word' id='word_1_126' title='bbox 436 1504 523 1572; x_wconf 90' lang='lat' dir='ltr'>solidi,</span> <span class='ocrx_word' id='word_1_127' title='bbox 541 1506 703 1574; x_wconf 86' lang='lat' dir='ltr'>captivaque</span> <span class='ocrx_word' id='word_1_128' title='bbox 722 1507 805 1560; x_wconf 89' lang='lat' dir='ltr'>vestis</span> <span class='ocrx_word' id='word_1_129' title='bbox 968 1518 1005 1557; x_wconf 80' lang='grc'>755</span> 
     </span>
     <span class='ocr_line' id='line_1_20' title="bbox 150 1579 952 1650; baseline 0.006 -15"><span class='ocrx_word' id='word_1_130' title='bbox 150 1580 319 1650; x_wconf 67' lang='lat' dir='ltr'>congeritur.</span> <span class='ocrx_word' id='word_1_131' title='bbox 358 1579 440 1634; x_wconf 89' lang='lat' dir='ltr'>Pueri</span> <span class='ocrx_word' id='word_1_132' title='bbox 458 1584 488 1633; x_wconf 91' lang='lat' dir='ltr'>et</span> <span class='ocrx_word' id='word_1_133' title='bbox 505 1581 619 1648; x_wconf 83' lang='lat' dir='ltr'>pmidae</span> <span class='ocrx_word' id='word_1_134' title='bbox 638 1581 718 1648; x_wconf 90' lang='lat' dir='ltr'>longe</span> <span class='ocrx_word' id='word_1_135' title='bbox 736 1583 831 1636; x_wconf 92' lang='lat' dir='ltr'>ordine</span> <span class='ocrx_word' id='word_1_136' title='bbox 849 1587 952 1640; x_wconf 89' lang='lat' dir='ltr'>matres</span> 
     </span>
     <span class='ocr_line' id='line_1_21' title="bbox 149 1657 353 1712; baseline -0.005 -1"><span class='ocrx_word' id='word_1_137' title='bbox 149 1657 229 1712; x_wconf 82' lang='lat' dir='ltr'>Stant</span> <span class='ocrx_word' id='word_1_138' title='bbox 247 1657 353 1711; x_wconf 85' lang='lat' dir='ltr'>circum.</span> 
     </span>
    </p>

    <p class='ocr_par' dir='ltr' id='par_1_16' title="bbox 150 1734 856 1803">
     <span class='ocr_line' id='line_1_22' title="bbox 150 1734 856 1803; baseline 0.001 -14"><span class='ocrx_word' id='word_1_139' title='bbox 150 1737 242 1790; x_wconf 81' lang='lat' dir='ltr'>Ausus</span> <span class='ocrx_word' id='word_1_140' title='bbox 262 1734 327 1802; x_wconf 91' lang='lat' dir='ltr'>quin</span> <span class='ocrx_word' id='word_1_141' title='bbox 346 1734 429 1786; x_wconf 88' lang='lat' dir='ltr'>etiam</span> <span class='ocrx_word' id='word_1_142' title='bbox 448 1751 526 1786; x_wconf 88' lang='lat' dir='ltr'>voees</span> <span class='ocrx_word' id='word_1_143' title='bbox 544 1735 645 1788; x_wconf 88' lang='lat' dir='ltr'>iactare</span> <span class='ocrx_word' id='word_1_144' title='bbox 664 1753 714 1803; x_wconf 90' lang='lat' dir='ltr'>per</span> <span class='ocrx_word' id='word_1_145' title='bbox 731 1737 856 1790; x_wconf 91' lang='lat' dir='ltr'>umbram</span> 
     </span>
    </p>

    <p class='ocr_par' dir='ltr' id='par_1_17' title="bbox 149 1809 1004 2030">
     <span class='ocr_line' id='line_1_23' title="bbox 150 1809 816 1880; baseline 0 -15"><span class='ocrx_word' id='word_1_146' title='bbox 150 1811 255 1880; x_wconf 80' lang='lat' dir='ltr'>inplevi</span> <span class='ocrx_word' id='word_1_147' title='bbox 273 1809 390 1863; x_wconf 85' lang='lat' dir='ltr'>elamore</span> <span class='ocrx_word' id='word_1_148' title='bbox 409 1809 474 1878; x_wconf 90' lang='lat' dir='ltr'>vias,</span> <span class='ocrx_word' id='word_1_149' title='bbox 492 1813 666 1878; x_wconf 90' lang='lat' dir='ltr'>maestusque</span> <span class='ocrx_word' id='word_1_150' title='bbox 686 1811 816 1866; x_wconf 86' lang='lat' dir='ltr'>Creusam</span> 
     </span>
     <span class='ocr_line' id='line_1_24' title="bbox 149 1885 1004 1958; baseline 0.005 -16"><span class='ocrx_word' id='word_1_151' title='bbox 149 1888 321 1958; x_wconf 89' lang='lat' dir='ltr'>Nequiquam</span> <span class='ocrx_word' id='word_1_152' title='bbox 335 1885 505 1953; x_wconf 84' lang='lat' dir='ltr'>ingeminans</span> <span class='ocrx_word' id='word_1_153' title='bbox 517 1885 672 1955; x_wconf 87' lang='lat' dir='ltr'>iterumque</span> <span class='ocrx_word' id='word_1_154' title='bbox 684 1887 839 1958; x_wconf 88' lang='lat' dir='ltr'>iterumque</span> <span class='ocrx_word' id='word_1_155' title='bbox 851 1893 950 1946; x_wconf 85' lang='lat' dir='ltr'>vocavi.</span> <span class='ocrx_word' id='word_1_156' title='bbox 968 1907 1004 1948; x_wconf 79' lang='lat'>770</span> 
     </span>
     <span class='ocr_line' id='line_1_25' title="bbox 150 1962 807 2030; baseline 0 -11"><span class='ocrx_word' id='word_1_157' title='bbox 150 1965 296 2030; x_wconf 79' lang='lat' dir='ltr'>Quaerenti</span> <span class='ocrx_word' id='word_1_158' title='bbox 317 1968 346 2017; x_wconf 90' lang='lat' dir='ltr'>et</span> <span class='ocrx_word' id='word_1_159' title='bbox 365 1964 445 2016; x_wconf 87' lang='lat' dir='ltr'>tectis</span> <span class='ocrx_word' id='word_1_160' title='bbox 463 1962 538 2014; x_wconf 89' lang='lat' dir='ltr'>urbis</span> <span class='ocrx_word' id='word_1_161' title='bbox 558 1964 615 2016; x_wconf 87' lang='lat' dir='ltr'>sine</span> <span class='ocrx_word' id='word_1_162' title='bbox 633 1963 687 2016; x_wconf 91' lang='lat' dir='ltr'>fine</span> <span class='ocrx_word' id='word_1_163' title='bbox 705 1964 807 2020; x_wconf 86' lang='lat' dir='ltr'>furenti</span> 
     </span>
    </p>

    <p class='ocr_par' dir='ltr' id='par_1_18' title="bbox 149 2040 899 2108">
     <span class='ocr_line' id='line_1_26' title="bbox 149 2040 899 2108; baseline 0.004 -12"><span class='ocrx_word' id='word_1_164' title='bbox 149 2041 248 2097; x_wconf 78' lang='lat' dir='ltr'>Infelix</span> <span class='ocrx_word' id='word_1_165' title='bbox 267 2041 441 2094; x_wconf 71' lang='lat' dir='ltr'>simulacrum</span> <span class='ocrx_word' id='word_1_166' title='bbox 462 2044 544 2107; x_wconf 89' lang='lat' dir='ltr'>atque</span> <span class='ocrx_word' id='word_1_167' title='bbox 562 2040 647 2108; x_wconf 88' lang='lat' dir='ltr'>ipsius</span> <span class='ocrx_word' id='word_1_168' title='bbox 665 2041 762 2095; x_wconf 92' lang='lat' dir='ltr'>umbra</span> <span class='ocrx_word' id='word_1_169' title='bbox 781 2044 899 2100; x_wconf 84' lang='lat' dir='ltr'>Creusae</span> 
     </span>
    </p>

    <p class='ocr_par' dir='ltr' id='par_1_19' title="bbox 149 2118 838 2188">
     <span class='ocr_line' id='line_1_27' title="bbox 149 2118 838 2188; baseline 0.007 -17"><span class='ocrx_word' id='word_1_170' title='bbox 149 2121 215 2174; x_wconf 89' lang='lat' dir='ltr'>Visa</span> <span class='ocrx_word' id='word_1_171' title='bbox 233 2118 297 2172; x_wconf 90' lang='lat' dir='ltr'>mibi</span> <span class='ocrx_word' id='word_1_172' title='bbox 317 2122 381 2171; x_wconf 88' lang='lat' dir='ltr'>ante</span> <span class='ocrx_word' id='word_1_173' title='bbox 401 2118 491 2172; x_wconf 89' lang='lat' dir='ltr'>oeulos</span> <span class='ocrx_word' id='word_1_174' title='bbox 510 2119 539 2170; x_wconf 92' lang='lat' dir='ltr'>et</span> <span class='ocrx_word' id='word_1_175' title='bbox 557 2120 622 2170; x_wconf 86' lang='lat' dir='ltr'>neta</span> <span class='ocrx_word' id='word_1_176' title='bbox 639 2119 725 2174; x_wconf 89' lang='lat' dir='ltr'>maier</span> <span class='ocrx_word' id='word_1_177' title='bbox 742 2119 838 2188; x_wconf 85' lang='lat' dir='ltr'>image.</span> 
     </span>
    </p>

    <p class='ocr_par' dir='ltr' id='par_1_20' title="bbox 149 2197 1003 2422">
     <span class='ocr_line' id='line_1_28' title="bbox 149 2197 974 2266; baseline 0.008 -16"><span class='ocrx_word' id='word_1_178' title='bbox 149 2197 282 2266; x_wconf 85' lang='lat' dir='ltr'>Obstipui,</span> <span class='ocrx_word' id='word_1_179' title='bbox 303 2198 495 2263; x_wconf 87' lang='lat' dir='ltr'>steteruntque</span> <span class='ocrx_word' id='word_1_180' title='bbox 514 2211 606 2248; x_wconf 83' lang='lat' dir='ltr'>comae</span> <span class='ocrx_word' id='word_1_181' title='bbox 625 2197 654 2248; x_wconf 90' lang='lat' dir='ltr'>et</span> <span class='ocrx_word' id='word_1_182' title='bbox 671 2209 723 2248; x_wconf 82' lang='lat' dir='ltr'>uox</span> <span class='ocrx_word' id='word_1_183' title='bbox 741 2197 862 2252; x_wconf 84' lang='lat' dir='ltr'>faucibus</span> <span class='ocrx_word' id='word_1_184' title='bbox 879 2201 974 2256; x_wconf 89' lang='lat' dir='ltr'>haesit.</span> 
     </span>
     <span class='ocr_line' id='line_1_29' title="bbox 149 2272 1003 2335; baseline 0.001 -6"><span class='ocrx_word' id='word_1_185' title='bbox 149 2275 217 2329; x_wconf 86' lang='lat' dir='ltr'>Tum</span> <span class='ocrx_word' id='word_1_186' title='bbox 234 2274 271 2328; x_wconf 89' lang='lat' dir='ltr'>sie</span> <span class='ocrx_word' id='word_1_187' title='bbox 290 2272 376 2326; x_wconf 81' lang='lat' dir='ltr'>adfari</span> <span class='ocrx_word' id='word_1_188' title='bbox 396 2276 425 2326; x_wconf 90' lang='lat' dir='ltr'>et</span> <span class='ocrx_word' id='word_1_189' title='bbox 443 2288 521 2325; x_wconf 87' lang='lat' dir='ltr'>curas</span> <span class='ocrx_word' id='word_1_190' title='bbox 539 2272 581 2324; x_wconf 91' lang='lat' dir='ltr'>his</span> <span class='ocrx_word' id='word_1_191' title='bbox 600 2272 710 2326; x_wconf 89' lang='lat' dir='ltr'>demere</span> <span class='ocrx_word' id='word_1_192' title='bbox 729 2273 822 2330; x_wconf 90' lang='lat' dir='ltr'>dietis:</span> <span class='ocrx_word' id='word_1_193' title='bbox 968 2294 1003 2335; x_wconf 72' lang='lat' dir='ltr'>ers</span> 
     </span>
     <span class='ocr_line' id='line_1_30' title="bbox 149 2349 830 2422; baseline 0.004 -17"><span class='ocrx_word' id='word_1_194' title='bbox 149 2353 221 2417; x_wconf 83' lang='lat' dir='ltr'>Quid</span> <span class='ocrx_word' id='word_1_195' title='bbox 239 2353 347 2406; x_wconf 90' lang='lat' dir='ltr'>tantum</span> <span class='ocrx_word' id='word_1_196' title='bbox 367 2351 464 2406; x_wconf 86' lang='lat' dir='ltr'>insane</span> <span class='ocrx_word' id='word_1_197' title='bbox 483 2349 559 2404; x_wconf 88' lang='lat' dir='ltr'>iuvat</span> <span class='ocrx_word' id='word_1_198' title='bbox 576 2349 719 2419; x_wconf 86' lang='lat' dir='ltr'>indulgere</span> <span class='ocrx_word' id='word_1_199' title='bbox 738 2352 830 2422; x_wconf 90' lang='lat' dir='ltr'>dolori,</span> 
     </span>
    </p>

    <p class='ocr_par' dir='ltr' id='par_1_21' title="bbox 148 2427 950 2654">
     <span class='ocr_line' id='line_1_31' title="bbox 149 2427 905 2486; baseline 0.004 -4"><span class='ocrx_word' id='word_1_200' title='bbox 149 2429 171 2482; x_wconf 91' lang='grc' dir='ltr'>Ο</span> <span class='ocrx_word' id='word_1_201' title='bbox 191 2429 277 2483; x_wconf 90' lang='lat' dir='ltr'>duleis</span> <span class='ocrx_word' id='word_1_202' title='bbox 295 2428 431 2484; x_wconf 82' lang='lat' dir='ltr'>coniunxi</span> <span class='ocrx_word' id='word_1_203' title='bbox 452 2447 507 2484; x_wconf 91' lang='lat' dir='ltr'>nen</span> <span class='ocrx_word' id='word_1_204' title='bbox 526 2429 593 2483; x_wconf 89' lang='lat' dir='ltr'>haee</span> <span class='ocrx_word' id='word_1_205' title='bbox 612 2427 669 2481; x_wconf 90' lang='lat' dir='ltr'>sine</span> <span class='ocrx_word' id='word_1_206' title='bbox 687 2430 796 2484; x_wconf 92' lang='lat' dir='ltr'>numine</span> <span class='ocrx_word' id='word_1_207' title='bbox 815 2432 905 2486; x_wconf 90' lang='lat' dir='ltr'>divom</span> 
     </span>
     <span class='ocr_line' id='line_1_32' title="bbox 149 2506 950 2577; baseline 0.004 -18"><span class='ocrx_word' id='word_1_208' title='bbox 149 2507 298 2572; x_wconf 79' lang='lat' dir='ltr'>Eveniunt;</span> <span class='ocrx_word' id='word_1_209' title='bbox 314 2521 367 2560; x_wconf 89' lang='lat' dir='ltr'>nee</span> <span class='ocrx_word' id='word_1_210' title='bbox 385 2509 414 2562; x_wconf 91' lang='lat' dir='ltr'>te</span> <span class='ocrx_word' id='word_1_211' title='bbox 433 2508 496 2561; x_wconf 92' lang='lat' dir='ltr'>hine</span> <span class='ocrx_word' id='word_1_212' title='bbox 516 2506 642 2560; x_wconf 88' lang='lat' dir='ltr'>comitem</span> <span class='ocrx_word' id='word_1_213' title='bbox 662 2510 802 2577; x_wconf 89' lang='lat' dir='ltr'>asportare</span> <span class='ocrx_word' id='word_1_214' title='bbox 821 2508 950 2562; x_wconf 89' lang='lat' dir='ltr'>Creusam</span> 
     </span>
     <span class='ocr_line' id='line_1_33' title="bbox 148 2583 804 2654; baseline 0 -16"><span class='ocrx_word' id='word_1_215' title='bbox 148 2583 202 2638; x_wconf 73' lang='lat' dir='ltr'>Fas</span> <span class='ocrx_word' id='word_1_216' title='bbox 220 2588 267 2638; x_wconf 88' lang='lat' dir='ltr'>aut</span> <span class='ocrx_word' id='word_1_217' title='bbox 284 2585 330 2638; x_wconf 90' lang='lat' dir='ltr'>iile</span> <span class='ocrx_word' id='word_1_218' title='bbox 349 2585 414 2638; x_wconf 91' lang='lat' dir='ltr'>sinit</span> <span class='ocrx_word' id='word_1_219' title='bbox 434 2586 525 2654; x_wconf 89' lang='lat' dir='ltr'>superi</span> <span class='ocrx_word' id='word_1_220' title='bbox 544 2589 673 2653; x_wconf 88' lang='lat' dir='ltr'>regnator</span> <span class='ocrx_word' id='word_1_221' title='bbox 692 2584 804 2654; x_wconf 89' lang='lat' dir='ltr'>Olympi.</span> 
     </span>
    </p>

    <p class='ocr_par' dir='ltr' id='par_1_22' title="bbox 148 2661 1004 2810">
     <span class='ocr_line' id='line_1_34' title="bbox 148 2661 1004 2733; baseline 0.004 -17"><span class='ocrx_word' id='word_1_222' title='bbox 148 2661 242 2730; x_wconf 83' lang='lat' dir='ltr'>Longa</span> <span class='ocrx_word' id='word_1_223' title='bbox 253 2661 304 2716; x_wconf 86' lang='lat' dir='ltr'>tibi</span> <span class='ocrx_word' id='word_1_224' title='bbox 316 2661 418 2733; x_wconf 88' lang='lat' dir='ltr'>exsilia,</span> <span class='ocrx_word' id='word_1_225' title='bbox 433 2664 462 2717; x_wconf 90' lang='lat' dir='ltr'>et</span> <span class='ocrx_word' id='word_1_226' title='bbox 476 2666 583 2716; x_wconf 83' lang='lat' dir='ltr'>vastum</span> <span class='ocrx_word' id='word_1_227' title='bbox 596 2663 679 2716; x_wconf 85' lang='lat' dir='ltr'>maris</span> <span class='ocrx_word' id='word_1_228' title='bbox 692 2680 792 2732; x_wconf 89' lang='lat' dir='ltr'>aequor</span> <span class='ocrx_word' id='word_1_229' title='bbox 805 2665 943 2727; x_wconf 86' lang='lat' dir='ltr'>arandum,</span> <span class='ocrx_word' id='word_1_230' title='bbox 968 2678 1004 2719; x_wconf 76' lang='lat' dir='ltr'>rso</span> 
     </span>
     <span class='ocr_line' id='line_1_35' title="bbox 148 2739 875 2810; baseline 0.003 -18"><span class='ocrx_word' id='word_1_231' title='bbox 148 2739 184 2792; x_wconf 83' lang='lat' dir='ltr'>Et</span> <span class='ocrx_word' id='word_1_232' title='bbox 202 2743 303 2794; x_wconf 88' lang='lat' dir='ltr'>terram</span> <span class='ocrx_word' id='word_1_233' title='bbox 324 2739 486 2810; x_wconf 87' lang='lat' dir='ltr'>Hesperiam</span> <span class='ocrx_word' id='word_1_234' title='bbox 507 2744 605 2810; x_wconf 90' lang='lat' dir='ltr'>venies,</span> <span class='ocrx_word' id='word_1_235' title='bbox 626 2739 671 2792; x_wconf 93' lang='lat' dir='ltr'>ubi</span> <span class='ocrx_word' id='word_1_236' title='bbox 692 2740 792 2809; x_wconf 76' lang='lat' dir='ltr'>Lydius</span> <span class='ocrx_word' id='word_1_237' title='bbox 811 2757 875 2794; x_wconf 90' lang='lat' dir='ltr'>arva</span> 
     </span>
    </p>
   </div>
   <div class='ocr_carea' id='block_1_7' title="bbox 60 2816 864 2891">
    <p class='ocr_par' dir='ltr' id='par_1_23' title="bbox 60 2816 864 2891">
     <span class='ocr_line' id='line_1_36' title="bbox 60 2816 864 2891; baseline 0 -23"><span class='ocrx_word' id='word_1_238' title='bbox 60 2852 61 2856; x_wconf 65' lang='lat'>,</span> <span class='ocrx_word' id='word_1_239' title='bbox 148 2816 226 2868; x_wconf 89' lang='lat' dir='ltr'>inter</span> <span class='ocrx_word' id='word_1_240' title='bbox 244 2818 334 2885; x_wconf 89' lang='lat' dir='ltr'>opima</span> <span class='ocrx_word' id='word_1_241' title='bbox 352 2819 439 2872; x_wconf 89' lang='lat' dir='ltr'>virum</span> <span class='ocrx_word' id='word_1_242' title='bbox 459 2819 514 2876; x_wconf 91' lang='lat' dir='ltr'>leni</span> <span class='ocrx_word' id='word_1_243' title='bbox 533 2819 593 2874; x_wconf 88' lang='lat' dir='ltr'>fluit</span> <span class='ocrx_word' id='word_1_244' title='bbox 612 2824 720 2891; x_wconf 84' lang='lat' dir='ltr'>agmine</span> <span class='ocrx_word' id='word_1_245' title='bbox 740 2817 864 2885; x_wconf 81' lang='lat' dir='ltr'>Thybris:</span> 
     </span>
    </p>
   </div>
   <div class='ocr_carea' id='block_1_8' title="bbox 69 2892 1003 3122">
    <p class='ocr_par' dir='ltr' id='par_1_24' title="bbox 69 2892 1003 3122">
     <span class='ocr_line' id='line_1_37' title="bbox 148 2892 841 2968; baseline 0.003 -22"><span class='ocrx_word' id='word_1_246' title='bbox 148 2892 208 2946; x_wconf 90' lang='lat' dir='ltr'>lllie</span> <span class='ocrx_word' id='word_1_247' title='bbox 226 2911 270 2948; x_wconf 91' lang='lat' dir='ltr'>res</span> <span class='ocrx_word' id='word_1_248' title='bbox 288 2897 376 2952; x_wconf 87' lang='lat' dir='ltr'>laetae</span> <span class='ocrx_word' id='word_1_249' title='bbox 395 2917 568 2968; x_wconf 86' lang='lat' dir='ltr'>regnumque</span> <span class='ocrx_word' id='word_1_250' title='bbox 587 2905 616 2953; x_wconf 91' lang='lat' dir='ltr'>et</span> <span class='ocrx_word' id='word_1_251' title='bbox 633 2901 708 2968; x_wconf 87' lang='lat' dir='ltr'>regia</span> <span class='ocrx_word' id='word_1_252' title='bbox 727 2898 841 2952; x_wconf 81' lang='lat' dir='ltr'>eorriuux</span> 
     </span>
     <span class='ocr_line' id='line_1_38' title="bbox 69 2969 859 3045; baseline 0.011 -24"><span class='ocrx_word' id='word_1_253' title='bbox 69 2999 70 3002; x_wconf 61' lang='lat'><em>=</em></span> <span class='ocrx_word' id='word_1_254' title='bbox 103 3018 105 3024; x_wconf 85' lang='grc'>,</span> <span class='ocrx_word' id='word_1_255' title='bbox 148 2969 232 3024; x_wconf 88' lang='lat' dir='ltr'>Parta</span> <span class='ocrx_word' id='word_1_256' title='bbox 249 2972 307 3027; x_wconf 88' lang='lat' dir='ltr'>tibi.</span> <span class='ocrx_word' id='word_1_257' title='bbox 348 2976 488 3029; x_wconf 87' lang='lat' dir='ltr'>Lacrimas</span> <span class='ocrx_word' id='word_1_258' title='bbox 506 2977 622 3029; x_wconf 85' lang='lat' dir='ltr'>dilectae</span> <span class='ocrx_word' id='word_1_259' title='bbox 640 2976 711 3045; x_wconf 91' lang='lat' dir='ltr'>pelle</span> <span class='ocrx_word' id='word_1_260' title='bbox 732 2976 859 3030; x_wconf 84' lang='lat' dir='ltr'>Creusae:</span> 
     </span>
     <span class='ocr_line' id='line_1_39' title="bbox 77 3045 1003 3122; baseline 0.009 -24"><span class='ocrx_word' id='word_1_261' title='bbox 77 3116 79 3122; x_wconf 18' lang='grc' dir='ltr'><strong><em>Α</em></strong></span> <span class='ocrx_word' id='word_1_262' title='bbox 148 3045 210 3100; x_wconf 87' lang='lat' dir='ltr'>Non</span> <span class='ocrx_word' id='word_1_263' title='bbox 228 3067 279 3118; x_wconf 87' lang='lat' dir='ltr'>ego</span> <span class='ocrx_word' id='word_1_264' title='bbox 299 3051 502 3120; x_wconf 91' lang='lat' dir='ltr'>Myrmidonum</span> <span class='ocrx_word' id='word_1_265' title='bbox 521 3051 600 3105; x_wconf 87' lang='lat' dir='ltr'>sedes</span> <span class='ocrx_word' id='word_1_266' title='bbox 620 3052 789 3120; x_wconf 89' lang='lat' dir='ltr'>Dolopumve</span> <span class='ocrx_word' id='word_1_267' title='bbox 808 3053 938 3118; x_wconf 89' lang='lat' dir='ltr'>superbas</span> <span class='ocrx_word' id='word_1_268' title='bbox 967 3064 1003 3106; x_wconf 77' lang='grc'>785</span> 
     </span>
    </p>
   </div>
   <div class='ocr_carea' id='block_1_9' title="bbox 76 3123 839 3269">
    <p class='ocr_par' dir='ltr' id='par_1_25' title="bbox 76 3123 839 3269">
     <span class='ocr_line' id='line_1_40' title="bbox 148 3123 839 3197; baseline 0.006 -21"><span class='ocrx_word' id='word_1_269' title='bbox 148 3123 294 3193; x_wconf 84' lang='lat' dir='ltr'>Aspiciam,</span> <span class='ocrx_word' id='word_1_270' title='bbox 313 3131 361 3181; x_wconf 87' lang='lat' dir='ltr'>aut</span> <span class='ocrx_word' id='word_1_271' title='bbox 379 3128 469 3182; x_wconf 86' lang='lat' dir='ltr'>Graiis</span> <span class='ocrx_word' id='word_1_272' title='bbox 488 3129 619 3182; x_wconf 88' lang='lat' dir='ltr'>servitum</span> <span class='ocrx_word' id='word_1_273' title='bbox 637 3128 771 3182; x_wconf 86' lang='lat' dir='ltr'>matribus</span> <span class='ocrx_word' id='word_1_274' title='bbox 787 3125 839 3197; x_wconf 90' lang='lat' dir='ltr'>ibe,</span> 
     </span>
     <span class='ocr_line' id='line_1_41' title="bbox 76 3200 685 3269; baseline 0.003 -15"><span class='ocrx_word' id='word_1_275' title='bbox 76 3217 77 3221; x_wconf 47' lang='lat'>¹</span> <span class='ocrx_word' id='word_1_276' title='bbox 149 3200 292 3267; x_wconf 76' lang='lat' dir='ltr'>Dardanis,</span> <span class='ocrx_word' id='word_1_277' title='bbox 309 3207 339 3259; x_wconf 89' lang='lat' dir='ltr'>et</span> <span class='ocrx_word' id='word_1_278' title='bbox 357 3203 436 3258; x_wconf 80' lang='lat' dir='ltr'>divae</span> <span class='ocrx_word' id='word_1_279' title='bbox 454 3204 572 3259; x_wconf 90' lang='lat' dir='ltr'>Veneris</span> <span class='ocrx_word' id='word_1_280' title='bbox 589 3220 685 3269; x_wconf 63' lang='lat' dir='ltr'>nurum</span> 
     </span>
    </p>
   </div>
   <div class='ocr_carea' id='block_1_10' title="bbox 0 0 1144 3568">
    <p class='ocr_par' dir='ltr' id='par_1_26' title="bbox 0 0 1144 3568">
     <span class='ocr_line' id='line_1_42' title="bbox 0 0 1144 3568; baseline 0 0"><span class='ocrx_word' id='word_1_281' title='bbox 0 0 1144 3568; x_wconf 95' lang='lat' dir='ltr'> </span> 
     </span>
    </p>
   </div>
  </div>
 </body>
</html>
