2278 3568
436 141 618 190 AENEIDOS
636 143 705 192 LIB.
725 143 773 193 IV.
986 147 1027 194 lli

177 224 307 279 Gaudeus
325 226 354 276 et
372 221 474 290 pariter
494 221 566 273 lacta
584 226 667 289 atque
685 222 786 276 inlecta
804 223 932 277 canebat:
997 238 1032 276 1so

179 300 292 354 Venisse
313 301 433 363 Aenean,
452 297 566 349 'Proiano
585 298 717 364 sanguiue
735 303 850 368 cretum,

177 377 227 432 Oui
245 393 274 429 se
292 373 405 444 pidchra
422 373 480 426 rire
500 374 629 442 dignetur
647 374 760 443 iungere
779 375 865 442 Dido;

176 456 201 508 N
204 472 256 509 unc
273 452 389 504 hiemem
409 449 481 503 inter
500 467 529 503 se
548 451 620 517 luxu,
641 468 723 520 quam
742 451 829 520 longa,
847 454 938 508 fovere

177 532 333 600 Regnorum
352 527 516 581 inmemores
536 529 666 598 turpique
685 529 811 598 cupidine
829 535 929 599 captos.

179 609 254 662 Haec
271 605 371 674 passim
391 605 444 657 dea
462 605 543 658 laeda
561 607 650 659 virum
670 606 800 660 diffundit
817 607 844 660 in
862 623 916 661 ora.
999 619 1034 662 aaa

116 720 119 726 ·
177 684 305 738 Protinus
323 681 359 734 ad
378 699 471 750 regem
491 699 585 736 cursus
605 683 753 751 detorquet
772 683 880 752 Iarban,

178 761 357 829 Incenditquc
377 761 497 814 animum
517 759 597 812 dictis
616 765 700 828 atque
718 765 831 829 aggerat
849 761 910 815 iras.

211 839 264 892 llic
285 838 440 890 Hammone
459 840 542 904 satus,
561 842 642 906 rapta
661 837 855 891 Garamantide
875 838 900 890 N
902 838 1008 906 yrupha,

177 914 289 983 Templa
308 914 366 967 lovi
386 919 494 968 centum
515 915 579 966 latis
597 914 716 966 inmania
734 913 832 980 regnis,

177 994 293 1045 Centum
312 1005 373 1043 aras
390 989 488 1056 posuit,
509 988 672 1054 vigilemque
690 993 845 1042 sacraverat
863 990 962 1057 ignem,
997 1004 1034 1041 aro

178 1067 311 1121 llxcubias
329 1064 419 1119 divom
438 1070 570 1129 aeternas,
591 1065 782 1133 pecudumque
801 1082 897 1118 cruore

178 1144 281 1212 Pingue
299 1143 385 1196 solum
404 1145 433 1196 et
452 1141 533 1194 variis
552 1141 678 1195 florentia
697 1142 791 1195 limina
810 1143 899 1196 sertis.

178 1223 261 1291 laque
278 1237 371 1274 amous
390 1217 472 1272 animi
491 1222 520 1271 et
538 1234 647 1271 rumore
665 1235 795 1272 aecensus
813 1236 904 1273 amaro

179 1301 283 1354 Dicitur
301 1301 365 1351 ante
384 1313 444 1350 aras
464 1295 554 1350 media
572 1297 644 1350 iuter
663 1296 773 1350 numina
791 1297 880 1350 divoru

179 1377 266 1431 Multa
285 1377 376 1429 Iovem
396 1374 521 1427 manibus
540 1373 654 1442 supplex
673 1391 765 1428 orasse
784 1375 899 1443 supinis:
998 1391 1034 1431 aas

179 1454 303 1522 luppiter
321 1452 499 1519 omnipotens,
520 1451 563 1504 eui
582 1468 654 1504 nuuc
674 1451 814 1504 Maurusia
831 1452 911 1519 pictis

178 1531 251 1584 Gens
270 1529 379 1597 epulata
398 1529 464 1581 toris
485 1529 621 1582 Lenaeum
640 1529 709 1582 libat
726 1528 863 1592 honorem,

179 1607 286 1675 Aspicis
303 1605 388 1659 haecl
410 1621 444 1658 an
463 1609 499 1669 tc,
518 1605 632 1671 genitor,
652 1621 712 1656 cum
732 1605 845 1658 lulmiua
864 1611 986 1675 torques,

178 1683 350 1752 Nequiquam
369 1682 518 1746 horremus,
538 1680 667 1748 caecique
684 1680 712 1732 in
732 1679 850 1733 nubibus
867 1681 944 1748 ignes

178 1760 337 1813 Pcrrificant
355 1759 458 1812 animos
477 1763 505 1810 et
523 1757 612 1809 inania
630 1773 770 1810 murmura
787 1757 917 1812 miscentl
998 1774 1034 1813 210

178 1837 297 1905 Femina,
316 1852 386 1904 quae
404 1836 504 1888 nostris
523 1849 618 1886 errans
634 1834 662 1886 in
681 1833 781 1887 finibus
798 1834 894 1887 urbem

179 1914 309 1981 Exiguam
328 1913 418 1981 pretio
436 1913 534 1980 posuit,
553 1910 595 1964 cui
613 1911 679 1964 litus
697 1911 829 1964 arandum

178 1989 281 2059 Cuique
298 1991 350 2043 loci
368 1989 442 2057 leges
461 1987 595 2054 dedimus,
614 1987 748 2041 connubia
766 1993 860 2042 nostra

178 2067 310 2136 Reppulit
328 2083 358 2120 ac
378 2065 516 2118 dominum
538 2069 652 2118 Aenean
670 2066 697 2117 in
717 2082 801 2131 regua
819 2067 932 2134 reecpit.

179 2145 215 2197 Et
232 2161 302 2196 nuuc
320 2143 365 2196 ille
384 2142 461 2194 Paris
480 2159 540 2195 cuin
560 2136 685 2194 semiviro
703 2143 840 2204 comitatu,
998 2157 1034 2195 215

178 2220 303 2274 Maeonia
320 2222 441 2272 mentum
457 2219 542 2270 mitra
561 2219 716 2285 crinemque
734 2217 889 2270 madentem

178 2297 328 2363 Subnexus,
348 2299 429 2363 rapto
448 2295 568 2363 politur:
588 2309 636 2346 uos
654 2309 768 2346 munera
784 2294 894 2362 templis

179 2375 285 2444 Quippe
303 2374 358 2427 tuis
376 2372 495 2438 ierimus,
516 2371 673 2440 laniumque
691 2370 812 2424 fovemus
830 2371 945 2426 inanem.

213 2451 322 2504 Talibus
340 2453 462 2504 orantem
486 2449 565 2502 dietis
584 2465 700 2516 arasque
718 2451 858 2500 tenentem

179 2527 276 2581 Audiit
294 2529 471 2596 omnipotens,
493 2526 638 2594 oculosque
656 2525 692 2578 ad
711 2524 817 2578 moenia
834 2525 915 2578 torsit
998 2542 1034 2580 ero

180 2603 264 2670 Regia
282 2609 311 2658 et
329 2604 429 2658 oblitos
447 2605 536 2658 famae
555 2603 674 2658 melioris
692 2603 815 2656 amantia

179 2680 246 2732 Tum
265 2681 303 2735 sic
321 2682 486 2736 Mercurium
507 2681 666 2752 adloquitur
685 2697 716 2733 ac
734 2679 800 2732 talia
818 2680 941 2734 mandat:

179 2755 257 2810 Vade
275 2775 332 2826 age,
350 2764 422 2826 nate,
441 2777 505 2814 voca
526 2760 663 2828 Zephyros
680 2762 709 2811 et
727 2755 819 2810 labere
837 2757 939 2824 permis,

179 2833 401 2905 Dardaniumque
420 2838 524 2904 ducem,
544 2837 623 2905 Tyria
642 2833 812 2901 Karthagine
831 2833 876 2901 qui
895 2849 966 2885 nuuc

180 2911 335 2979 Exspectat,
354 2914 473 2984 latisque
493 2915 572 2967 datas
591 2931 643 2965 uon
662 2912 773 2979 respicit
791 2910 880 2975 urbes,
996 2925 1032 2963 aaa

121 3051 124 3056 ,
181 2989 339 3058 Adloquerc
357 2994 386 3043 et
404 2991 499 3044 celeris
517 2991 595 3043 defer
612 3007 672 3043 mea
690 2989 764 3041 dicta
782 3004 832 3056 per
848 3003 934 3039 auras.

180 3066 241 3120 Nou
259 3067 334 3121 illum
352 3066 431 3119 nobis
448 3067 574 3134 genetrix
592 3067 774 3136 pulcherrima
791 3063 876 3117 talem

182 3143 308 3197 Promisit
326 3143 492 3210 Graiumque
509 3143 570 3195 idco
589 3143 630 3196 bis
647 3143 767 3195 vindicat
785 3141 881 3206 armis;

180 3219 235 3274 Sed
253 3220 318 3289 fore,
337 3220 384 3291 qui
403 3219 543 3289 gravidam
560 3219 672 3289 inperiis
690 3219 816 3288 belloque
833 3217 996 3274 frementem
