2266 3562
419 118 623 168 GEORGICON
644 120 710 169 LlB.
728 120 748 167 I.
978 119 1009 166 25

160 200 204 251 An
223 196 291 251 deus
310 197 426 252 inmensi
445 199 536 252 venias
555 200 643 263 maris,
662 217 693 254 ac
711 204 759 254 tua
777 203 877 254 nautae

159 273 278 326 Numina
296 274 354 327 sola
372 275 470 342 colant,
489 275 540 328 tibi
559 276 660 329 serviat
678 276 775 329 ultima
793 276 886 341 Thule,
987 293 1011 332 aa

157 349 252 417 'l'eque
271 350 323 402 sibi
341 367 472 417 generum
492 351 594 419 Tethys
612 355 686 404 emat
704 351 829 404 omnibus
847 351 935 416 undis,

159 428 240 480 Anne
259 443 359 480 novum
377 426 465 480 tardis
484 427 559 480 sidus
578 431 606 480 te
625 427 764 480 mensibus
783 427 876 492 addas,

158 502 223 567 Qua
237 503 311 557 locus
332 504 468 571 Erigonen
487 504 559 556 inter
579 503 732 571 Chelasque
751 503 891 571 sequentis

158 580 311 645 Panditur;
328 580 387 648 ipse
405 579 456 632 tibi
475 580 528 632 ianr
547 579 673 632 bracchia
690 579 825 632 contrahit
843 579 942 632 ardens

158 657 291 724 Scorpios,
310 661 339 709 et
356 655 424 708 oaeli
442 656 515 708 iusta
532 656 593 724 plus
612 659 690 724 parte
708 656 836 723 reliquit;
986 671 1010 706 aa

159 731 300 800 Quidquid
318 733 478 800 erla—narn
497 737 525 785 te
544 749 593 784 nec
611 736 721 800 sperant
740 732 853 786 Tartara
871 748 969 798 regern.

159 808 182 860 N
186 825 217 861 eo
235 809 286 862 tibi
304 809 437 876 regnandi
456 809 547 861 veniat
565 817 621 861 tam
641 807 702 860 dira
719 808 834 876 cupido,

159 884 287 948 Quamvis
307 885 412 953 Elysios
430 887 545 938 miretur
565 885 680 938 Graecia
698 900 812 952 campos,

110 971 119 982 '
158 961 183 1013 N
187 977 218 1014 ee
235 961 354 1030 repetita
372 962 449 1029 sequi
467 965 546 1015 curet
565 960 728 1028 Proserpina
746 965 897 1014 matrem—

158 1037 201 1091 De
218 1037 325 1091 facilem
343 1055 460 1103 cursum,
478 1041 563 1107 atque
580 1036 730 1091 audaeibus
747 1036 835 1089 adnue
853 1037 963 1104 coeptis,
990 1052 1013 1089 a

160 1113 328 1182 Ignarosque
346 1115 406 1166 viae
424 1131 531 1167 meeum
549 1115 694 1167 miseratus
712 1113 829 1182 agrestis

161 1189 316 1256 ingredere,
336 1194 364 1243 et
383 1191 453 1242 vetis
472 1191 525 1243 iam
544 1207 614 1244 nune
632 1189 763 1243 adsuesce
782 1189 876 1242 sonori.

194 1264 270 1320 Vere
284 1282 361 1332 noro,
379 1266 488 1333 gelidus
506 1268 580 1319 canis
599 1283 659 1318 cunr
679 1265 817 1318 urentibus
835 1265 932 1317 humor

160 1341 287 1410 liquitur
305 1346 334 1396 et
353 1343 476 1410 Zephyro
493 1343 582 1411 putris
601 1359 630 1396 se
648 1341 745 1410 glaeba
763 1341 881 1406 resolvit,

159 1416 294 1486 Depresso
312 1419 423 1486 incipiat
441 1419 495 1472 iarn
513 1422 573 1472 turn
592 1419 657 1471 milri
676 1421 770 1470 taurus
788 1422 878 1471 aratro
991 1430 1014 1468 e

125 1555 131 1562 ἱ
160 1493 310 1560 ingemere,
329 1499 358 1547 et
376 1495 449 1548 sulco
468 1495 581 1548 attritus
600 1494 789 1562 splendescere
808 1510 907 1546 vomer.

159 1568 210 1622 Illa
228 1586 305 1638 seges
323 1570 433 1623 demum
452 1571 521 1624 vetis
539 1570 687 1638 respondet
705 1571 777 1622 avari

160 1647 312 1714 Agricolae,
331 1646 374 1700 bis
393 1664 463 1716 quae
481 1647 571 1709 solem,
593 1647 634 1698 bis
653 1646 755 1713 frigora
774 1646 873 1710 sensit,

161 1721 237 1774 lllius
256 1723 394 1777 inmensae
413 1727 546 1791 ruperunt
564 1723 663 1776 horrea
681 1739 791 1774 messes.

159 1799 286 1866 seprius
299 1799 422 1865 ignotum
435 1800 508 1852 ferro
521 1816 603 1867 quan
617 1798 765 1852 scindimus
778 1815 889 1865 aequor,
988 1814 1013 1852 ee

163 1874 263 1928 Ventos
283 1879 311 1928 et
329 1876 432 1928 varium
452 1875 518 1928 caeli
537 1875 710 1943 praediscere
729 1891 832 1927 rnorem

158 1952 231 2004 Cura
249 1953 284 2004 sit
302 1968 334 2004 ac
352 1953 454 2018 patrios
473 1951 617 2018 cultusque
636 1949 799 2018 habitusque
817 1950 944 2019 lemnum,

159 2027 194 2080 llt
206 2027 274 2096 quid
286 2043 411 2096 quaeque
423 2027 495 2080 ferat
508 2028 590 2094 regie,
603 2031 631 2080 et
644 2026 711 2094 quid
723 2043 849 2096 quaeque
868 2035 984 2080 reeuset.

161 2103 213 2156 llie
231 2109 346 2172 segetes,
364 2103 418 2156 illie
436 2105 548 2156 veniunt
566 2103 670 2156 felicius
687 2121 773 2169 uvae;

159 2180 276 2233 Arborei
294 2179 368 2232 fetus
386 2179 458 2246 alibi,
478 2184 561 2248 atque
581 2180 683 2232 iniussa
701 2180 840 2232 virescunt
991 2193 1014 2230 sa

157 2256 294 2309 Gramina.
332 2255 429 2310 Nonne
448 2257 531 2320 rides,
552 2273 659 2310 croceos
677 2260 708 2309 ut
727 2255 836 2308 Tmolus
855 2254 961 2320 odores,

160 2332 238 2386 ludia
257 2333 344 2386 mittit
362 2333 438 2398 ebur,
457 2333 551 2386 molles
571 2350 619 2386 sua
638 2337 701 2386 tura
720 2331 825 2397 Sabaei,

158 2411 198 2462 At
217 2409 350 2478 Chalybes
369 2409 435 2462 nudi
454 2410 564 2476 ferrum,
585 2409 728 2476 virosaque
748 2408 851 2461 Pontus

157 2485 293 2551 Castorea,
313 2485 439 2538 Eliadum
459 2486 563 2556 palmas
582 2486 678 2553 Epiros
697 2487 847 2552 equarum?

157 2561 293 2615 Continuo
311 2561 360 2614 has
379 2561 452 2629 leges
470 2566 637 2629 aeternaque
657 2562 767 2615 foedera
786 2562 870 2614 certis

159 2637 283 2706 Inposuit
302 2642 399 2692 natura
417 2638 490 2706 loeis,
510 2656 564 2707 quo
584 2643 707 2707 tempere
724 2639 841 2706 primunr

161 2713 305 2768 Deucalion
324 2732 438 2768 vacuum
458 2715 564 2783 lapides
583 2715 693 2767 iactavit
712 2715 740 2766 in
758 2713 861 2772 orbern.

159 2789 238 2844 Unde
256 2791 380 2845 homines
398 2793 463 2858 nati,
483 2791 582 2843 durum
601 2807 693 2858 genus.
731 2790 802 2857 Ergo
821 2807 880 2856 age,
900 2792 992 2841 terrae

157 2867 263 2936 Pingue
282 2869 368 2920 solum
388 2867 483 2934 primis
503 2868 640 2934 extemplo
659 2866 832 2919 aulensibus
851 2865 914 2918 anni

159 2944 254 2998 Fortes
272 2945 410 2996 invertant
429 2943 508 3009 tauri,
526 2942 691 3010 glaebasque
709 2943 821 2996 iacentis
948 2985 949 2988 ,
996 2955 1020 2993 ee

160 3019 352 3074 Pulverulenta
370 3023 470 3086 coquat
488 3019 602 3070 maturis
621 3018 722 3070 solibus
740 3024 850 3081 aestas;

160 3100 197 3151 At
216 3097 237 3149 si
258 3114 310 3148 neu
330 3095 414 3148 fuerit
432 3094 515 3148 tellus
533 3094 658 3153 secunda,
678 3095 729 3146 sub
748 3095 835 3161 ipsum

158 3175 307 3228 Arcturum
326 3170 401 3224 tenui
421 3174 464 3224 sat
482 3171 535 3223 erit
554 3171 720 3238 suspendere
738 3170 827 3222 strleo:
871 3195 875 3202 ,
