2266 3562
402 143 607 192 GEORGIOON
625 143 693 193 LIB.
714 143 762 192 IV.
979 147 1009 192 6⁴.)

193 225 240 281 sin
258 227 350 280 autem
369 225 541 294 adpugnare
560 225 772 280 exieriut-nam
791 239 873 291 saepe
891 222 997 278 duobus

159 301 280 370 Regibus
297 303 407 356 incessit
425 318 523 368 magno
541 301 677 356 discordia
695 305 778 370 motu,

159 378 347 446 Continuoque
365 378 469 432 animos
486 379 557 446 volgi
575 383 604 432 et
621 378 787 446 trepidantia
804 377 875 432 bello

158 455 250 509 Corda
267 455 331 508 licet
349 457 429 522 longe
446 456 641 523 praescisccrc;
658 472 776 522 namquo
794 454 924 508 morantis
988 466 1010 506 to

158 529 276 586 Martius
293 531 340 585 ille
357 531 427 586 aeris
445 532 519 584 rauci
537 549 619 585 canor
637 533 767 600 increpat,
785 535 814 586 et
832 548 884 585 vox

159 607 281 662 Auditur
299 607 400 662 fractos
418 609 522 662 sonitus
539 608 647 662 imitata
664 608 807 674 tubarum;

158 683 227 736 Tum
246 683 370 752 trepidae
388 684 461 738 inter
478 701 508 738 se
526 688 632 751 coeunt,
651 686 801 754 pennisque
819 689 969 745 coruscant,

158 760 321 830 Spiculaque
339 765 475 816 exacuunt
492 762 594 828 rostris,
615 765 766 830 aptantque
784 762 908 827 lacertis,

159 837 195 890 lit
213 837 284 891 eirea
301 854 394 906 regem
412 841 497 906 atque
514 838 573 906 ipsa
591 838 627 891 ad
645 839 782 906 praetoria
800 837 901 890 densae
988 849 1012 889 aa

158 913 318 984 Miscentur,
336 915 495 982 magnisque
514 918 612 968 vocant
630 914 793 968 clamoribus
810 914 925 966 hostem.

158 989 231 1058 Ergo
249 990 296 1044 ubi
314 1007 363 1044 ver
379 994 475 1044 nactae
494 990 592 1044 sudum
610 1006 774 1060 camposque
792 989 919 1058 patentis,

159 1067 314 1136 Erumpunt
331 1067 432 1135 portis:
450 1068 619 1121 concurritur
637 1067 748 1120 aethere
765 1067 793 1120 in
810 1065 881 1130 alt03

159 1142 205 1196 Fit
223 1144 341 1208 sonitus;
358 1161 487 1212 magnum
505 1144 607 1198 mixtim
625 1144 812 1212 glomerantur
829 1143 856 1196 iu
875 1141 977 1206 orbem,

160 1219 381 1288 Praecipitesque
398 1220 514 1285 cedunt;
531 1237 584 1274 non
602 1220 711 1274 densior
728 1236 792 1274 aere
809 1217 921 1286 mando,
989 1231 1014 1268 so

159 1295 184 1349 N
187 1312 218 1349 cc
236 1295 271 1348 de
290 1312 418 1350 concussa
436 1301 543 1350 tautum
562 1297 631 1365 pluit
649 1297 710 1352 ilice
728 1295 843 1364 glandis.

160 1372 217 1441 Ipsi
236 1389 286 1440 per
304 1372 408 1426 medias
427 1375 497 1428 acies
515 1373 665 1440 insignibus
684 1374 733 1427 alis

160 1448 285 1516 lugentis
303 1450 405 1502 animos
424 1455 540 1518 angusto
557 1451 585 1502 in
603 1455 715 1518 pectore
733 1451 851 1516 versant,

160 1524 255 1594 Usque
272 1525 341 1580 adeo
359 1525 451 1580 obnixi
469 1543 523 1580 non
541 1527 647 1594 cedere,
666 1527 731 1580 dum
749 1525 839 1593 gravis
857 1528 905 1578 eut
923 1523 972 1576 hes

160 1603 219 1656 Aut
238 1602 287 1656 bos
306 1620 384 1657 versa
402 1605 467 1671 fuga
485 1605 572 1658 victor
590 1603 656 1656 darc
675 1607 754 1670 terga
773 1601 887 1668 subegit.
994 1612 1016 1652 35

161 1678 199 1732 Hi
217 1682 308 1732 motus
326 1680 477 1734 animorum
496 1684 580 1748 atque
598 1680 665 1732 haec
683 1679 831 1732 certamina
850 1679 928 1730 tanta

161 1754 284 1809 Pulveris
303 1756 393 1823 exigui
411 1756 484 1810 iactu
502 1773 656 1825 compressa
674 1755 822 1824 quiescunt.

195 1831 299 1885 Vermn
317 1831 364 1885 ubi
382 1832 511 1886 ductores
529 1833 586 1886 acie
603 1832 771 1886 revocareris
789 1829 877 1896 arisbe,

161 1907 289 1962 Deterior
307 1909 354 1976 qni
372 1909 452 1976 visus,
471 1927 541 1975 eum,
559 1926 594 1962 ne
613 1909 743 1976 prodigus
762 1906 841 1973 obsit,

161 1984 239 2038 Dede
258 1986 331 2051 ncci;
349 1986 445 2039 melior
463 2002 547 2038 vacua
565 1986 622 2038 sine
641 1989 737 2051 regnet
755 1985 782 2038 in
801 1983 869 2038 aula.
996 1985 1018 2020 ⁹⁶

163 2061 244 2116 Alter
261 2063 313 2117 erit
333 2062 444 2116 maculis
462 2079 528 2115 auro
547 2061 734 2129 squalentibus
752 2061 867 2122 ardens;

162 2137 233 2192 Nam
252 2138 306 2191 duo
325 2142 388 2191 sunt
405 2155 514 2205 genera,
532 2138 575 2190 hic
594 2137 695 2201 molier,
714 2137 826 2203 insignis
844 2141 873 2189 ct
891 2151 946 2201 ore,

162 2215 199 2268 Et
216 2215 304 2267 rutilis
322 2215 418 2268 clarus·
429 2215 556 2282 squamis,
573 2213 619 2265 ille
637 2213 762 2265 horridus
781 2213 851 2265 alter

162 2291 275 2345 Desidia
292 2291 432 2359 latamque
450 2290 560 2343 trahens
578 2289 709 2357 inglorius
727 2289 823 2342 alvum.

162 2367 202 2422 Ut
220 2367 297 2422 binae
316 2385 411 2434 regum
430 2367 521 2433 facies,
540 2367 581 2420 ite
598 2383 712 2434 corpora
731 2365 824 2435 plebis.
996 2377 1019 2417 es

163 2443 288 2513 Namque
306 2445 374 2498 aliae
392 2448 487 2512 turpes
505 2444 625 2508 horrent,
644 2459 693 2496 eeu
711 2443 822 2511 pulvere
840 2442 875 2496 ab
893 2443 949 2496 ala)

163 2520 231 2574 Curn
249 2521 324 2574 venit
342 2524 372 2574 et
390 2521 459 2573 sicco
477 2525 580 2574 terram
599 2520 673 2588 spuit
692 2537 738 2572 ore
757 2520 845 2572 viator

164 2597 280 2662 Aridus3
298 2597 407 2651 elucent
425 2597 494 2650 aliae
512 2601 541 2650 ct
559 2596 664 2664 fulgore
683 2601 832 2662 coruscant,

164 2673 303 2726 Ardentes
321 2689 388 2726 auro
405 2677 435 2726 et
452 2673 562 2741 paribus
580 2672 630 2724 lita
648 2689 760 2740 corpora
779 2675 876 2739 guttis.

164 2749 241 2803 llaec
258 2750 348 2818 potior
367 2749 489 2815 suboles;
506 2750 568 2802 hinc
587 2749 655 2804 caeli
673 2753 795 2816 ternpore
813 2751 888 2801 certo
983 2761 1018 2800 is]

163 2825 258 2881 Dulcia
275 2827 356 2882 mella
374 2844 490 2896 premes,
509 2844 558 2881 nec
577 2830 684 2880 tantum
705 2825 802 2887 dulcia,
820 2828 953 2892 quantum

164 2900 200 2954 lit
217 2903 320 2972 liquide
338 2909 367 2958 et
386 2904 484 2958 durum
504 2903 603 2957 Bacchi
622 2904 758 2955 domitura
776 2918 908 2971 saporem.

199 2982 240 3032 At
258 2996 319 3033 cum
335 2981 441 3034 incerta
459 2980 552 3033 volant
570 2980 699 3047 caeloque
718 2979 841 3032 examina
860 2978 966 3043 ludunt,

164 3054 405 3125 Contemnuntque
423 3056 498 3110 favos
517 3060 546 3109 et
564 3055 663 3124 frigida
681 3060 755 3110 tecta
773 3055 938 3122 relinquunt,

166 3129 305 3185 instabilis
324 3134 426 3186 animos
444 3132 509 3185 ludo
528 3132 683 3200 prohibebis
700 3133 780 3187 inani.
983 3145 1019 3184 ree

166 3204 225 3262 Nec
241 3224 356 3276 magnus
374 3207 519 3273 prohibere
538 3208 628 3264 labin:
649 3212 679 3262 tn
697 3209 807 3276 regibus
824 3209 880 3262 alas
