2268 3570
435 155 776 206 nuua1nosu1a.xr.
983 163 1027 208 an
1121 211 1122 226 ,

174 237 308 292 Sirooedat
326 251 435 306 pugnae
453 235 638 303 Troianosque
655 239 748 290 arceat
765 235 841 290 urbe.

175 314 289 382 lamque
307 312 375 366 vale.
411 311 496 365 Simul
514 309 556 364 his
575 311 657 366 dietis
675 311 816 380 linquebat
833 312 961 383 habenas,

175 390 222 442 Ad
239 393 343 442 terram
361 405 415 441 non
434 391 530 456 sponte
548 387 641 440 fluens.
679 387 747 439 Tum
765 387 867 455 frigida
885 391 945 442 toto

176 466 310 519 Paulatim
329 463 445 518 exsolvit
465 481 494 517 se
512 480 633 532 corpore,
652 463 782 532 lentaque
801 464 868 517 oolla

176 542 210 596 Et
228 545 339 610 captum
357 541 413 593 leto
430 541 522 609 posuit
540 544 629 608 caput,
649 556 725 592 arma
743 539 907 608 relinquens,
991 555 1029 594 aso

176 619 295 686 Visaque
313 634 374 670 oum
392 617 497 684 gemitu
515 617 586 683 fugit
603 615 746 682 indignata
764 615 815 668 sub
833 615 950 670 umbras.

176 695 243 749 Tum
255 710 319 747 vero
337 693 475 746 inmensus
494 709 607 760 surgens
625 691 690 744 ierit
708 708 791 744 aurea
808 691 910 744 clamor

177 771 286 835 Sidera;
305 769 412 823 deiecta
430 768 566 822 crudescit
583 784 675 836 pugna
694 767 823 834 Caruilia;

178 847 325 900 Incurrunt
343 845 422 898 densi
441 844 521 897 simul
539 844 627 897 omnis
645 844 723 912 copia
741 843 874 897 Teucrum

176 922 363 991 Tyrrhenique
382 921 466 974 duces
486 920 661 988 Euandrique
682 919 805 974 Arcades
823 919 889 973 alae.
995 936 1032 974 aas

212 1000 252 1052 At
271 996 377 1050 Triviae
395 1000 487 1050 custos
505 995 664 1049 iamdudum
684 996 712 1048 in
730 995 869 1049 montibus
887 994 955 1065 Opis

178 1075 245 1128 Alta
263 1074 342 1128 sedet
360 1074 479 1140 summis,
499 1076 659 1141 spectatque
677 1073 804 1126 interrita
821 1089 935 1142 pugnas.

177 1151 271 1219 thue
288 1150 382 1219 procul
400 1149 491 1202 medio
509 1149 637 1202 iuvenum
655 1148 683 1200 ia
701 1148 819 1202 clamore
836 1149 977 1202 furentum

179 1226 323 1294 Prospeuit
340 1225 414 1280 tristi
432 1225 577 1278 multatam
595 1228 684 1277 morte
704 1224 854 1291 Camillam,

180 1301 371 1371 ingemuitque
390 1301 523 1369 deditque
541 1301 590 1354 has
607 1301 662 1354 imo
680 1304 792 1369 pectore
811 1317 906 1354 voces:
996 1315 1033 1354 eso

180 1380 243 1432 Heu
260 1380 380 1443 nimium,
399 1380 483 1445 virgo,
502 1378 615 1430 nimium
634 1377 744 1432 crudele
762 1377 837 1431 luisti

179 1455 353 1524 Supplicium,
373 1455 490 1508 Teucros
509 1458 605 1508 conata
623 1454 756 1508 lacessere
774 1454 864 1508 belloi

181 1530 236 1585 Nec
253 1531 306 1585 tibi
324 1531 451 1585 desertae
468 1530 496 1582 in
515 1529 605 1582 dumis
624 1531 738 1583 coluisse
757 1530 873 1583 Dianam

180 1607 293 1676 Profuit,
312 1611 360 1660 ant
377 1611 485 1660 nostras
503 1606 618 1658 humero
635 1605 752 1673 gessisse
772 1606 893 1672 sagittas.

179 1683 240 1737 Non
258 1687 349 1738 tamen
368 1683 523 1736 indecorem
541 1685 590 1736 tua
607 1685 636 1735 tc
653 1681 749 1748 regina
766 1681 878 1749 reliquit
997 1695 1033 1734 sat

179 1757 311 1814 Extrema
327 1761 382 1812 iam
399 1759 427 1812 in
445 1762 549 1823 morte;
568 1773 657 1826 neque
675 1757 726 1809 hoo
744 1755 803 1810 sine
820 1756 929 1809 nomine
947 1755 1033 1809 letum

180 1836 234 1890 Per
251 1837 341 1903 gentis
359 1835 420 1902 erit,
440 1838 488 1888 aut
506 1835 606 1887 samam
625 1833 739 1902 patieris
757 1833 868 1886 inultae.

180 1912 251 1965 Nam
268 1913 433 1980 quicumque
453 1914 532 1964 tuum
550 1911 662 1964 violavit
680 1909 789 1962 volnere
808 1926 912 1978 corpus,
980 1905 985 1912 ⁸

180 1988 271 2042 Morte
289 1989 347 2042 luet
365 1989 470 2042 merita.
510 1986 575 2039 Fuit
593 1987 689 2054 ingens
707 1990 801 2040 monte
820 1985 870 2039 sub
888 1985 943 2038 alto

180 2064 264 2132 Regis
283 2065 418 2118 Dercenni
437 2069 548 2118 terreno
565 2079 599 2116 eu
617 2079 717 2130 aggere
736 2062 846 2116 bustum
996 2076 1034 2115 aaa

182 2142 297 2209 Antiqui
315 2141 467 2207 Laurentis,
487 2155 627 2208 opacaque
645 2139 706 2192 ilice
724 2141 845 2202 tectum3

182 2217 234 2270 Hic
253 2217 305 2270 dea
323 2235 352 2270 se
370 2218 488 2285 primum
507 2215 603 2284 rapido
621 2214 805 2283 pulcherrima
822 2215 883 2266 nisu

180 2293 259 2346 Sistit
277 2297 306 2346 et
326 2296 475 2346 Arruntem
495 2291 599 2345 tumulo
618 2290 773 2358 speculatur
791 2290 826 2342 ab
845 2290 906 2344 alto.

182 2369 220 2422 Ut
237 2369 307 2422 vidit
324 2369 475 2436 fulgentem
495 2367 578 2420 armis
595 2383 627 2420 ao
644 2383 714 2419 rana
732 2369 899 2429 tumentcm3

182 2445 244 2511 Gur,
262 2445 359 2512 inquit,
379 2445 502 2498 diversus
520 2443 600 2496 abisi
618 2442 671 2496 huc
689 2433 777 2510 dirige
795 2457 925 2510 gressum,
998 2455 1034 2495 sas

183 2520 245 2574 lluo
262 2521 384 2589 periture
402 2521 470 2587 veni,
489 2520 579 2588 capias
597 2523 629 2572 ut
648 2518 731 2586 digna
750 2517 879 2571 Camillae

182 2596 314 2650 Praemia
350 2596 426 2650 Tune
443 2597 527 2650 etiam
545 2595 608 2649 telis
626 2595 743 2647 moriere
762 2593 886 2647 Dianaoi

182 2671 266 2738 Dixit,
285 2676 314 2725 et
331 2675 428 2726 aurata
444 2672 581 2725 volucrem
601 2670 728 2723 Threissa
745 2670 872 2736 sagittam

183 2747 360 2817 Deprompsit
375 2748 512 2816 pharetra,
531 2763 669 2814 cornuque
686 2746 791 2799 infensa
809 2744 935 2812 tetendit,

185 2824 219 2876 llt
237 2823 317 2877 duxit
335 2824 423 2892 longe,
442 2822 529 2876 donee
547 2827 659 2876 curvata
677 2822 782 2875 coirent
998 2834 1035 2872 seo

184 2900 261 2954 luter
279 2917 308 2954 se
326 2902 422 2969 capita,
441 2902 470 2953 et
488 2899 613 2952 nranibus
631 2899 685 2951 iam
705 2901 832 2964 tangeret
851 2896 952 2964 aequis,

183 2975 273 3028 Laeva
291 2976 382 3028 aciem.
394 2975 467 3042 ferri,
486 2975 585 3028 dextra
603 2990 740 3042 nervoque
759 2973 895 3040 papillam.

183 3051 328 3119 liutemplo
346 3051 394 3104 teli
413 3049 560 3104 stridorem
578 3066 713 3116 aurasque
732 3048 853 3102 sonantis

184 3127 282 3180 Audiit
300 3145 355 3180 una
374 3129 489 3194 Arruns,
507 3126 650 3193 haesitque
668 3126 696 3178 in
715 3140 828 3192 corpore
846 3124 959 3176 ferrum.

183 3203 267 3258 illum
279 3203 463 3274 exspirantem
477 3201 542 3256 socii
554 3205 638 3270 atque
650 3203 775 3255 extrema
785 3202 940 3267 gementem
997 3213 1033 3250 eas
