2290 3568
143 137 189 183 212
371 137 399 184 P.
424 137 576 186 VERGILI
594 137 760 186 MARONIS

142 223 191 277 Dis
210 225 303 278 sedem
322 225 447 293 exiguam
466 225 563 293 patriis
580 225 700 294 litusque
717 242 845 294 rogamus

143 298 291 353 Innocuam
304 303 333 353 et
346 301 449 354 cunctis
461 301 616 368 undamque
628 319 777 369 auramque
789 306 939 371 patentem.
958 318 993 358 rso

142 375 203 428 Non
222 377 323 429 erimus
341 393 425 444 regno
443 377 590 442 indecores,
611 395 659 430 nee
678 382 770 432 vestra
788 379 893 432 leretur

142 451 226 505 Fama
242 453 316 518 levis,
334 453 437 505 tantive
456 452 592 506 abolescet
609 454 697 520 gratia
714 455 786 521 faeti,

141 528 198 581 Nec
218 528 325 580 Troiam
345 528 480 582 Ausonios
499 529 603 595 gremio
621 531 759 598 excepisse
778 531 890 598 pigebit.

141 602 210 656 Fata
228 621 276 670 per
297 607 410 657 Aeneae
427 604 487 656 iuro
506 605 687 673 dextramque
705 610 854 674 potentem,

140 678 201 732 Sive
220 679 274 732 fide
292 696 339 732 seu
358 680 418 747 quis
437 679 508 733 bello
527 685 569 733 est
587 684 716 748 expertus
734 686 763 734 et
780 683 874 735 armis:
957 698 992 737 aas
1041 681 1050 690 “

140 754 221 808 hiulti
240 771 288 808 nos
306 756 405 823 populi,
424 756 595 809 multae-ne
613 761 710 821 temne,
729 758 803 825 quod
820 758 893 811 ultro

141 829 322 884 Praeserimus
340 831 466 885 manibus
484 832 567 884 vittas
585 849 616 886 ac
634 832 718 886 verbra
735 834 909 901 precantia-

140 906 175 960 Et
193 908 299 975 petiere
317 908 369 960 sibi
388 913 417 961 et
434 908 544 961 voluere
563 908 711 976 adiungere
728 913 841 976 gontes;

139 983 194 1036 Sed
212 1001 260 1036 nos
278 985 334 1037 fata
352 985 434 1037 deum
453 988 558 1038 vestras
576 985 720 1052 exquirere
737 988 825 1038 terras

140 1059 255 1128 inperiis
273 1077 354 1127 egere
373 1061 433 1114 suis.
473 1061 545 1114 lline
564 1061 708 1113 Dardanus
725 1065 815 1125 ortus;
954 1077 989 1116 aro

139 1137 201 1196 ,Huc
219 1137 320 1204 repetit
339 1136 474 1204 iussisque
492 1137 647 1204 ingentibus
665 1141 763 1204 urguet
783 1137 881 1204 Apollo

139 1212 304 1280 Tyrrhenum
323 1212 358 1264 ad
377 1213 505 1280 Thybrim
524 1216 552 1264 et
570 1213 652 1265 fontis
670 1213 741 1266 vada
759 1229 835 1267 saera
852 1213 966 1267 Numici.

138 1288 194 1340 Dat
213 1287 263 1340 tibi
281 1291 425 1355 praeterea
445 1289 582 1340 Fortunae
601 1305 685 1356 parva
703 1289 801 1356 prioris

138 1363 260 1430 Munera,
278 1363 407 1430 reliquias
426 1364 505 1416 Troia
523 1381 556 1416 ex
575 1365 689 1418 ardente
708 1370 837 1433 receptas.

138 1441 199 1493 Hoo
216 1445 295 1508 pater
314 1439 448 1492 Anchises
466 1457 532 1492 auro
550 1439 654 1492 libabat
672 1441 708 1493 ad
725 1458 802 1506 aras;
952 1457 988 1496 aaa

139 1517 199 1568 Hoc
218 1515 318 1568 Priami
335 1520 476 1583 gestamen
496 1520 562 1582 erat,
581 1533 642 1569 eum
661 1517 721 1570 iura
738 1517 841 1570 vocatis

138 1592 215 1644 More
233 1592 312 1644 daret
330 1592 444 1660 populis,
464 1595 655 1660 sceptrumque
674 1608 803 1659 sacerque
822 1592 906 1645 tiaras

138 1668 309 1736 Iliadumque
328 1667 405 1720 labor
422 1672 519 1722 restes.

171 1745 280 1798 Talibus
301 1745 397 1797 Ilionei
416 1745 496 1798 dietis
516 1745 606 1798 defixa
625 1745 739 1797 Latinus

137 1819 245 1874 Obtutu
263 1825 342 1874 tenet
360 1837 414 1888 ora,
434 1821 545 1888 soloque
564 1819 699 1872 inmobilis
717 1820 820 1886 haeret,
950 1836 986 1875 250

138 1897 263 1950 Intentos
282 1897 392 1949 volvens
411 1897 508 1948 oeulos.
546 1894 571 1946 N
574 1911 604 1947 ee
622 1911 743 1962 purpura
760 1913 854 1962 regem

138 1973 213 2026 Picta
230 1976 328 2038 movet,
347 1989 395 2024 nee
415 1975 523 2040 sceptra
540 1973 650 2022 movent
669 1970 804 2023 Priameia
823 1975 937 2039 tantum,

137 2049 273 2113 Quantum
291 2048 320 2100 in
339 2047 471 2100 connubio
489 2049 569 2099 natae
588 2045 762 2114 thalamoque
781 2052 916 2113 moratum

136 2126 172 2179 Et
189 2127 289 2178 veteris
309 2125 395 2178 Fauni
414 2123 497 2177 volvit
516 2123 566 2175 sub
584 2127 702 2190 pectore·
713 2127 829 2176 sortem:

138 2203 217 2254 Hunc
235 2202 310 2254 illum
329 2201 391 2254 fatis
410 2204 524 2254 externa
542 2199 576 2252 ab
596 2199 661 2252 sede
679 2199 830 2266 profectum
947 2215 983 2253 aas

137 2277 267 2330 Portendi
284 2294 422 2344 generum,
440 2276 607 2346 paribusque
625 2275 652 2327 in
670 2291 754 2342 regna
773 2275 861 2326 vocari

136 2353 285 2421 Auspiciis;
305 2354 367 2405 hinc
384 2353 541 2420 progeniem
559 2352 660 2404 virtute
678 2350 797 2403 futuram

135 2430 286 2496 Egregiam,
306 2432 441 2481 ettotam
460 2444 530 2496 quae
549 2427 651 2478 viribus
670 2429 783 2492 occupet
800 2423 900 2478 orbem.

134 2505 253 2558 Tandem
272 2504 360 2556 laetus
378 2504 429 2556 ait:
452 2504 487 2555 Di
505 2506 599 2555 nostra
616 2502 723 2568 incepta
742 2501 891 2554 secundent

137 2581 342 2648 auguriumque
354 2583 446 2632 suum!
464 2578 589 2644 Dabitur,
602 2577 724 2643 Troiane,
737 2577 810 2645 quod
823 2581 902 2644 optas
944 2594 981 2632 roo

134 2657 249 2710 Munera
267 2673 316 2708 nee
335 2671 438 2723 sperno.
475 2655 500 2706 N
503 2671 537 2707 011
556 2654 637 2717 robis,
655 2669 719 2720 rege
739 2653 844 2719 Latino,

134 2733 231 2786 Divitis
249 2731 317 2785 uber
336 2733 393 2799 agri
413 2732 542 2784 Troiaeve
560 2730 698 2798 opulentia
716 2729 810 2782 deerit.

136 2810 198 2876 lpse
216 2810 297 2862 modo
317 2811 432 2875 Aeneas,
452 2809 536 2861 nostri
557 2808 579 2859 si
598 2811 675 2859 tanta
693 2806 790 2874 cupido
808 2809 857 2876 est,

134 2886 162 2939 Si
180 2885 254 2954 iungi
271 2885 388 2954 hospitio
407 2889 535 2952 properat
554 2884 695 2952 sociusque
713 2883 809 2949 vocari,

134 2957 279 3030 Adveniet,
298 2963 386 3015 voltus
404 2977 472 3014 nevo
491 2963 663 3014 exhorrescat
681 2961 786 3013 amicos.
943 2975 978 3013 aas

133 3039 200 3093 Pars
218 3041 284 3093 mihi
303 3040 375 3108 pacis
393 3039 446 3092 erit
464 3038 590 3092 dextram
610 3038 734 3105 tetigisse
753 3035 868 3104 tyranni

132 3115 188 3169 Vos
206 3121 302 3170 contra
319 3116 376 3184 regi
395 3132 455 3168 mea
472 3133 544 3169 nune
562 3115 691 3168 mandata
709 3114 815 3166 referto.

133 3192 182 3244 Est
200 3193 265 3246 mihi
283 3195 354 3256 nata,
373 3192 430 3245 viro
448 3193 537 3260 gentis
556 3207 639 3260 quam
658 3191 771 3256 iungere
788 3196 898 3242 nostrae
