2278 3568
402 175 584 223 AENEIDOS
601 175 670 223 LIB.
691 175 712 222 1.
957 177 987 222 99

132 253 232 307 Frater
251 259 281 306 ut
302 256 410 308 Aeneas
428 255 525 322 pelago
545 258 611 309 tuus
629 254 720 308 omnia
736 253 836 308 circum

131 329 226 383 Litora
243 329 362 384 iactetur
381 329 451 383 odiis
471 330 582 383 lunonis
600 329 716 398 iniquae,

131 406 205 460 Nota
222 406 282 472 tibi,
302 410 331 459 et
348 410 442 459 nestro
461 406 573 460 doluisti
592 423 674 476 saepe
692 405 792 462 dolore.

131 482 213 535 Hunc
232 482 382 536 Phoenissa
399 486 476 536 tenet
495 482 568 535 Dido
585 482 748 552 blandisque
765 487 888 536 moratur
951 495 987 538 ero

131 555 265 624 Vocibus,
286 562 316 612 et
333 575 437 626 vereor,
456 575 511 628 quo
529 576 559 612 se
578 559 694 612 Iunonia
712 562 821 612 vertant

132 635 273 703 Hospitia;
294 635 368 689 haud
386 639 464 689 tanto
482 635 601 689 cessabit
619 635 730 688 cardine
748 651 846 688 rerum.

131 711 261 774 Quocirca
280 729 377 781 capere
395 714 460 764 ante
479 711 548 764 dolis
566 715 595 765 et
613 711 722 779 cingere
740 710 848 764 flamma

131 788 264 854 Reginam
282 788 407 854 meditor,
426 805 460 841 ne
479 804 534 857 quo
552 805 581 842 se
599 788 709 841 numine
727 791 823 853 mutet,

130 863 185 918 Sed
203 881 302 932 magno
321 866 434 919 Aeneae
453 871 560 918 mecum
578 867 707 917 teneatur
724 880 822 916 amore.
950 876 986 915 ors

129 940 190 1004 Qua
207 942 297 995 iacere
314 941 345 995 id
361 941 456 1010 possis,
474 944 596 994 nostram
614 956 686 992 nunc
703 940 795 1006 accipe
813 943 945 992 ruentem:

129 1017 232 1086 Regius
250 1018 338 1071 accitu
356 1017 412 1070 cari
429 1016 561 1085 genitoris
579 1017 615 1069 ad
632 1015 727 1069 urbem

129 1093 267 1148 Sidoniam
285 1111 353 1163 puer
369 1095 410 1147 ire
428 1097 515 1161 parat,
534 1110 597 1146 mea
613 1109 740 1146 maxuma
757 1109 829 1158 eura,

129 1169 208 1224 Dona
225 1171 324 1237 ferens,
342 1171 439 1238 pelago
458 1174 487 1224 et
505 1169 622 1222 flammis
640 1169 773 1222 restantia
792 1169 903 1235 T1·0iae;
996 1169 1000 1179 ’

130 1247 210 1301 Hune
228 1265 279 1315 ego
298 1248 416 1315 sopitum
435 1263 528 1300 somno
548 1263 630 1316 super
647 1246 703 1299 alta
722 1245 841 1314 Cythera
947 1261 985 1299 ose

129 1325 188 1376 Aut
208 1340 289 1392 super
308 1323 427 1375 Idalium
446 1326 553 1376 sacrata
571 1323 636 1376 sede
655 1322 807 1388 recondam,

128 1399 153 1450 N
156 1415 171 1452 e
189 1417 244 1468 qua
262 1401 330 1453 seire
348 1399 425 1452 dolos
443 1399 583 1453 mediusve
602 1416 742 1453 occurrere
760 1399 853 1467 possit.

126 1475 168 1528 Tu
185 1476 281 1529 faeiem
299 1476 370 1529 illius
388 1479 497 1529 noctem
515 1493 568 1529 non
586 1477 701 1543 amplius
718 1492 800 1528 unam

128 1552 204 1604 llalle
223 1553 292 1617 dolo,
312 1555 340 1606 et
359 1557 438 1605 notos
456 1553 534 1620 pueri
553 1570 621 1620 puer
639 1552 722 1605 indue
741 1552 837 1618 voltus,

129 1628 174 1695 Ut,
193 1645 255 1682 eum
273 1633 302 1682 te
319 1629 425 1696 gremio
446 1629 560 1696 accipiet
578 1629 727 1682 laetissima
746 1628 818 1681 Dido
947 1643 984 1682 oss

129 1704 237 1773 Regalis
255 1705 328 1758 inter
346 1721 453 1758 mensas
471 1705 634 1774 laticemque
654 1705 782 1774 Lyaeum,

127 1780 197 1834 Cum
215 1781 293 1835 dabit
310 1782 452 1850 amplexus
469 1786 554 1850 atque
572 1782 664 1835 oscula
682 1781 773 1834 dulcia
790 1781 865 1849 figet,

127 1856 270 1911 Occultum
288 1858 405 1926 inspires
422 1859 513 1925 ignem
532 1858 663 1927 fallasque
682 1873 792 1910 venene.

129 1932 211 1987 Paret
231 1935 317 1986 Amor
335 1933 416 1987 dietis
435 1951 514 1988 carae
532 1935 685 2003 genetricis,
704 1937 733 1988 et
751 1934 807 1987 alas

128 2009 218 2077 Exuit,
237 2015 266 2064 et
283 2027 381 2080 gressu
398 2011 521 2078 gaudens
539 2011 642 2064 incedit
662 2011 721 2064 Iuli.
946 2024 984 2063 000

128 2087 168 2140 At
187 2086 281 2140 Venus
303 2087 419 2140 Ascanio
438 2087 572 2156 placidam
591 2105 640 2156 per
657 2087 780 2140 membra
798 2086 920 2155 quietem

128 2162 240 2230 Inrigat,
259 2167 288 2216 et
306 2163 393 2217 fotum
411 2164 516 2231 gremio
535 2163 587 2216 dea
605 2164 677 2216 tollit
694 2163 722 2215 in
740 2163 810 2216 altos

128 2238 232 2292 Idaliae
250 2239 332 2308 lucos,
351 2240 398 2293 ubi
416 2240 504 2292 mollis
523 2257 662 2292 arnaracus
681 2240 756 2292 illurn

128 2315 253 2370 Floribus
271 2321 300 2370 et
319 2316 391 2370 dulci
408 2317 551 2385 adspirans
570 2316 749 2384 conplectitur
767 2316 870 2370 umbra..

163 2391 278 2460 lamque
296 2393 354 2446 ibat
374 2393 449 2446 dicto
468 2410 567 2461 parens
585 2397 615 2446 et
634 2393 706 2446 dona
724 2392 831 2460 Cupido
947 2409 982 2448 oss

129 2467 216 2536 Regia
233 2469 362 2537 portabat
380 2470 473 2537 Tyriis,
493 2469 561 2522 duce
580 2469 669 2523 laetus
689 2469 802 2523 Achate.

128 2545 197 2598 Cum
215 2546 296 2612 venit,
316 2546 418 2598 aulaeis
436 2546 490 2598 iam
510 2563 540 2598 se
558 2546 653 2613 regina
670 2545 795 2613 superbis

130 2624 222 2674 Aurea
240 2621 382 2690 conposuit
401 2622 505 2689 sponda
523 2623 696 2691 mediamque
714 2621 819 2675 locavit.

128 2697 188 2750 lam
206 2702 285 2766 pater
305 2701 413 2751 Aeneas
432 2703 460 2752 et
478 2699 531 2751 iam
551 2699 665 2752 Troiana
683 2699 809 2751 iuventus

128 2772 306 2842 Conveniunt,
326 2778 468 2843 stratoque
486 2793 569 2844 super
588 2775 768 2829 discumbitur
785 2779 865 2828 ostro.
947 2788 983 2828 700

128 2849 202 2903 Dant
219 2851 313 2904 famuli
331 2851 455 2904 manibus
473 2853 602 2920 lymphas,
623 2853 805 2918 Cereremque
823 2852 947 2904 canistris

129 2926 295 2995 Expediunt,
313 2930 455 2996 tonsisque
472 2931 563 2981 feriant
582 2929 711 2982 mantelia
728 2928 805 2981 villis.

129 3001 332 3071 Quinquaginta
349 3005 424 3058 intus
442 3005 567 3073 famulae,
585 3005 684 3075 quibus
702 3005 797 3057 ordine
815 3005 923 3071 longam

129 3079 201 3132 Cura
218 3097 319 3148 penum
338 3085 451 3135 struere.
470 3084 498 3133 et
517 3081 632 3135 flammis
650 3081 760 3134 adolere
780 3081 904 3144 Penatis,

129 3155 247 3208 Centum
265 3157 335 3210 aliae
353 3155 526 3224 totidemque
544 3175 624 3226 pares
642 3161 733 3210 aetate
751 3157 875 3224 ministri,
946 3170 982 3210 ret

129 3230 181 3296 Qui
201 3230 316 3350 {apibus
335 3247 442 3285 mensas
460 3238 574 3289 onerent
592 3239 621 3290 et
638 3233 734 3304 pocula
751 3236 860 3303 ponant
