2278 3568
418 145 601 194 AENEIDOS
623 144 693 194 LIB.
717 145 740 192 1.
983 145 1013 194 87

159 229 349 296 Ductoresque
366 227 441 296 ipsos
459 225 584 295 primum,
603 225 693 294 capita
711 225 768 278 alta
785 225 899 278 ferentis

158 303 293 360 Cornibus
311 303 439 366 arboreis,
458 303 564 370 sternit,
583 305 642 356 turn
661 301 764 368 volgus,
783 305 812 354 et
830 317 937 354 omnem
978 313 1014 354 ree

159 381 258 434 Miscet
275 396 358 447 agens
377 378 439 432 telis
458 395 569 432 nemora
586 379 659 432 inter
676 377 791 430 frondea
808 376 917 430 turbam
926 398 933 443 ;

159 458 218 510 Nec
235 456 310 525 prius
328 454 445 523 absistit,
464 473 547 525 quarn
566 459 672 524 septem
690 454 813 522 ingentia
831 455 916 508 victer

158 535 280 602 Corpora
291 532 390 585 fundat
402 531 477 585 humi
490 535 519 586 et
532 549 675 586 numerum
688 548 749 586 cum
764 531 878 584 navibus
889 537 997 599 aequet.

159 611 232 663 Hine
249 613 359 678 portum
378 609 457 678 petit,
476 612 505 662 et
523 609 608 662 socios
626 609 745 677 partitur
763 608 790 660 in
809 608 902 661 omnis.

159 686 231 740 Vina
248 684 335 739 benus
355 702 425 754 quae
444 683 544 738 deinde
564 684 638 738 cadis
656 688 783 738 onerarat
802 687 917 738 Acestes
979 699 1014 738 res

159 763 253 818 Litore
272 762 409 816 Trinacrio
428 761 599 830 dederatque
617 761 780 814 abeuntibus
798 761 885 828 heros,

159 839 272 904 Dividit,
291 843 320 892 et
338 838 419 892 dictis
438 839 587 892 maerentia
604 841 716 905 pectina
734 837 848 892 mulcet:

193 915 217 970 Ο
231 916 425 984 socii—neque
437 915 510 968 enim
522 915 609 981 ignari
621 931 714 967 snmus
726 917 790 968 ante
803 915 972 968 malorum-

159 992 183 1045 0
201 993 274 1061 passi
292 991 424 1059 graviora,
443 990 522 1044 dabit
540 991 609 1044 deus
627 991 670 1043 his
689 1007 798 1060 quoque
816 991 905 1044 linem.

159 1069 217 1122 Vos
236 1072 264 1122 et
283 1067 431 1137 Scyllaeam
450 1066 553 1120 rabiem
572 1067 735 1136 penitusque
753 1066 873 1120 sonantis
977 1081 1014 1121 are

160 1146 285 1200 Aeeestis
304 1144 435 1214 scopulos,
453 1160 501 1198 vos
519 1147 548 1196 et
567 1143 693 1213 Cyclopia
711 1160 776 1198 sexa

160 1221 288 1290 Experti:
310 1224 437 1275 revocate
454 1221 564 1287 animos,
583 1225 772 1289 maestumque
790 1222 918 1276 timerem

160 1297 279 1353 Mittite:
300 1299 390 1352 forsan
410 1301 439 1352 et
457 1298 523 1352 haec
541 1299 605 1352 elim
623 1299 779 1352 meminisse
795 1299 907 1354 iuvabit

161 1375 215 1429 Per
232 1376 321 1430 varios
340 1393 424 1443 casus,
442 1393 492 1446 per
510 1379 554 1429 tet
572 1375 729 1429 discrimina
747 1393 838 1432 rerum

160 1453 307 1508 Tendimus
325 1453 353 1505 in
372 1453 488 1519 Latium,
508 1451 588 1506 sedes
605 1452 652 1504 ubi
671 1453 727 1506 fate
746 1453 852 1522 quietas
977 1467 1014 1506 aes

160 1529 333 1596 Ostendunt;
352 1529 466 1582 illicias
484 1546 568 1596 regna
586 1546 730 1596 resurgere
750 1529 853 1584 Troiae.

159 1607 272 1674 Durate,
292 1610 321 1660 et
338 1609 444 1660 vosmet
463 1605 545 1658 rebus
564 1609 672 1658 servato
690 1605 822 1658 secundis.

194 1684 269 1738 Talia
287 1699 352 1738 vece
370 1682 463 1748 refert,
483 1681 609 1748 curisque
626 1680 783 1748 ingentibus
801 1699 884 1750 aeger

160 1761 241 1829 Spem
260 1760 335 1814 voltu
353 1758 470 1824 simulat,
489 1757 590 1826 premit
609 1757 694 1810 altum
714 1757 795 1811 corde
814 1758 942 1812 delerem.

160 1837 205 1890 llli
223 1854 252 1891 se
269 1836 389 1906 praedae
408 1837 553 1904 aceingrmt
573 1834 742 1904 dapibusque
760 1835 872 1888 futuris:
977 1849 1014 1888 210

130 1967 137 1980 ,
160 1913 280 1982 Tergera
297 1914 438 1982 deripiunt
457 1913 539 1967 costis
558 1916 587 1966 et
605 1911 709 1965 viscera
727 1911 847 1975 nudant;
907 1948 911 1958 .

161 1990 228 2042 Pars
245 1991 273 2043 in
290 1992 378 2044 frusta
396 1993 489 2044 secant
507 1989 671 2056 veribusque
690 1988 836 2042 trementia
853 1987 956 2054 figunt3

161 2065 253 2120 Litore
271 2083 338 2120 aena
356 2067 446 2119 locent
464 2066 516 2133 alii,
534 2066 712 2134 flammasque
732 2063 897 2116 ministrant.

161 2141 229 2194 Tum
247 2141 321 2196 vietu
338 2145 467 2196 revocant
484 2141 557 2207 viris,
577 2142 686 2209 lusique
704 2158 754 2209 per
771 2138 883 2192 herbam

160 2217 306 2286 Inplentur
324 2219 424 2271 veteris
443 2217 543 2270 Bacchi
562 2218 726 2285 pinguisque
745 2215 855 2268 ferinae.
977 2230 1014 2269 21⁵

160 2296 309 2365 Postquam
328 2297 456 2363 exempta
473 2294 559 2346 fames
579 2293 666 2361 epulis
684 2309 849 2361 mensaeque
867 2296 996 2362 remotae,

159 2372 284 2426 Amisses
301 2371 381 2441 lengo
400 2371 485 2424 socios
505 2387 630 2424 sermone
649 2371 802 2440 requirunt,

160 2452 296 2519 Spemque
315 2454 473 2518 metumque
491 2449 565 2503 inter
584 2449 666 2513 dubii,
686 2466 735 2504 seu
753 2448 843 2502 vivere
861 2447 984 2516 credant,

159 2529 221 2582 Sive
240 2532 364 2582 extrema
382 2527 440 2596 pati
459 2545 509 2582 nee
527 2527 581 2580 iarn
601 2527 730 2580 exaudire
747 2529 862 2580 vocatos.

160 2605 309 2674 Praecipue
327 2606 389 2675 pius
410 2608 519 2663 Aeneas
537 2621 608 2658 nune
627 2605 696 2658 aeris
716 2602 822 2670 Oronti,
977 2616 1013 2656 220

160 2682 185 2735 N
187 2699 238 2736 unc
258 2683 355 2751 Amyci
374 2699 466 2736 casum
485 2683 571 2751 gemit
589 2685 618 2735 et
636 2679 757 2735 crudelia
775 2695 865 2732 secum

160 2757 229 2812 Fata
248 2759 319 2828 Lyci,
337 2759 492 2828 fortemque
512 2760 597 2827 Gyan,
616 2759 770 2825 fortemque
789 2753 958 2809 Cloanthum.

194 2833 230 2887 m
248 2836 301 2888 iam
320 2836 381 2888 linis
400 2841 466 2903 erat,
485 2853 546 2890 eum
566 2835 691 2903 luppiter
709 2833 820 2886 aethere
838 2842 944 2884 summe

161 2911 319 2981 Despieiens
336 2928 411 2965 mare
430 2913 573 2966 velivolum
591 2915 734 2978 terrasque
752 2908 866 2963 iacentis

161 2987 309 3055 Litoraque
328 2992 357 3041 et
375 2988 445 3042 latos
464 2989 583 3058 populos,
603 2987 640 3040 sie
658 2985 761 3040 vertice
779 2984 845 3040 caeli
977 2997 1013 3036 sss

161 3064 292 3119 Constitit
311 3068 339 3117 et
358 3063 460 3133 Libyae
478 3065 575 3117 defixit
592 3063 693 3116 lumina
710 3062 809 3130 regnis.

164 3142 256 3210 Atque
274 3141 351 3194 illum
370 3140 432 3194 talis
449 3141 597 3193 iactantem
615 3143 727 3207 pectore
745 3153 823 3190 curas

162 3215 276 3274 Tristior
294 3221 323 3273 et
341 3216 458 3272 lacrimis
476 3216 566 3271 oeulos
583 3215 685 3270 suffusa
703 3212 816 3267 nitentis
