2278 3568
128 118 174 166 122
391 115 572 165 AENEI'DOS
595 119 664 167 LIB.
690 121 727 168 11.

128 196 182 250 Sed
200 213 244 250 mc
262 213 361 265 magna
379 197 461 250 deum
481 197 615 252 Genetrix
633 199 674 252 bis
693 201 802 256 detinet
820 205 883 257 eris.

128 274 241 342 Iamque
259 273 326 340 vale,
345 277 374 327 et
393 274 449 326 nati
468 291 546 328 serva
565 278 716 330 communis
735 295 864 334 amorem.

128 351 205 403 Haec
218 349 264 403 nbi
277 351 350 404 dicta
363 349 449 416 dedit,
463 350 651 406 lacrimantem
661 357 690 407 ct
700 355 787 409 multa
796 355 935 410 volentem
950 370 986 409 rsa

128 429 224 483 Dicere
243 428 372 494 descruit,
391 427 536 495 tenuisque
554 431 669 484 recessit
687 431 714 484 in
734 448 822 485 aurae.

128 507 182 560 Ter
198 508 310 559 conatus
327 503 365 557 ibi
382 503 450 558 collo
469 504 535 558 dare
553 503 679 561 bracchia
696 508 811 564 circum:

127 584 180 639 Ter
196 584 299 636 frustra
316 599 467 651 conprensa
485 599 580 636 manus
599 583 695 653 effugit
714 585 812 654 imago,

129 661 183 716 Par
199 660 303 714 levibus
321 660 410 713 ventis
428 659 586 729 volucrique
604 661 740 715 simillima
758 679 859 717 somne.

163 739 206 792 Sic
223 738 333 791 demum
353 737 438 791 socies
455 743 616 807 consumpta
634 743 713 793 necte
731 740 827 794 reviso.
948 754 970 794 u

129 816 222 884 Atque
239 815 283 867 hic
301 815 440 883 ingentem
459 815 588 868 comitum
607 815 755 869 adfluxisse
772 832 903 870 novorum

129 892 242 946 Invenio
259 891 397 946 admirans
415 908 564 956 numerum,
582 895 746 961 matresque,
765 894 898 961 virosque,

129 968 276 1022 collectam
294 968 389 1022 exsilio
405 967 514 1038 pubem,
532 969 687 1024 miserabile
705 969 807 1038 volgus.

129 1045 257 1114 Undique
274 1062 432 1112 convenere,
450 1047 547 1099 animis
565 1046 715 1116 opibusque
731 1047 829 1116 parati,

129 1122 162 1175 In
179 1138 364 1191 quascumque
381 1122 463 1176 velim
481 1123 578 1192 pelage
595 1123 732 1177 deducere
749 1127 845 1178 terras.
945 1139 980 1177 sm

130 1197 244 1267 Iamque
260 1199 331 1267 iugis
348 1215 469 1252 summae
487 1199 618 1267 surgebat
635 1199 744 1253 Lucifer
762 1200 830 1253 Idae

130 1274 310 1344 Ducebatque
329 1277 410 1343 diem,
429 1275 571 1344 Danaique
589 1275 700 1328 obsessa
717 1275 848 1328 tenebant

130 1351 235 1404 Limina
252 1357 400 1420 qmrtarnm,
418 1368 467 1405 nec
485 1368 547 1419 spes
564 1351 623 1418 epis
640 1351 696 1404 ulla
714 1349 846 1416 dabatur;

130 1426 205 1482 Gessi
224 1431 252 1481 et
270 1427 377 1481 sublate
395 1427 496 1480 montis
512 1427 636 1494 genitore
653 1426 745 1496 petin'.
