2268 3570
417 170 599 217 AENElDOS
617 169 684 217 LIB.
705 169 737 217 X.
963 177 1010 223 283

103 249 105 254 '
160 249 256 306 Mente
274 250 363 318 dares,
382 257 465 318 atque
485 251 551 303 haee
570 251 660 304 Tnmo
679 257 739 305 rata
759 253 814 305 rita
833 255 974 307 maneret'l

160 327 185 381 N
188 343 240 380 unc
258 332 350 380 manet
368 327 503 380 insontem
521 328 612 394 gravis
630 328 735 392 exitus;
754 333 802 380 aut
817 345 867 396 ego
882 331 939 382 veri
975 345 1011 382 aar

160 404 239 458 Vana
256 404 336 458 feror.
374 404 454 468 Quod
473 408 504 457 ut
522 421 538 456 o
556 405 647 473 potius
665 404 808 457 fonnidine
826 405 895 458 salse

161 480 261 547 Ludar,
281 480 355 534 etin
373 481 470 534 melius
489 485 544 548 tua,
564 481 609 549 qui
628 484 714 549 potes,
732 497 795 534 orsa
812 481 953 536 reflectas!

164 557 238 610 llaec
257 556 303 609 ubi
322 557 397 611 dicta
415 557 501 622 dedit,
520 557 594 611 caelo
613 575 642 610 sc
660 558 784 626 protinus
803 558 857 610 alto

162 633 245 700 Misit,
265 651 349 701 agens
367 634 483 687 hiemem
503 635 596 688 nimbo
615 636 751 688 succincta
769 652 818 704 per
836 651 923 702 airrns,

164 709 329 778 Iliacamque
348 712 433 764 aciem
454 717 482 764 et
502 711 650 764 Laurentia
667 715 758 764 castra
776 712 881 779 petivit.
975 726 1011 765 ees

162 786 229 838 Tum
248 786 299 840 dea
318 787 390 840 nube
408 805 473 840 cava
491 793 601 841 tenuem
620 789 679 841 sine
696 787 799 840 viribus
817 787 941 840 umbram

163 863 196 916 lu
213 863 310 917 faeiem
331 865 536 918 Aeneae-visu
554 864 678 918 mirabile
696 869 881 917 monstrum—

163 939 307 994 Dardaniis
325 945 405 994 ornat
423 942 492 1006 telis,
511 941 682 1009 clipeumque
700 941 833 1007 iubasque

163 1016 253 1070 liivini
271 1017 419 1070 adsimulat
437 1017 542 1086 eapitis,
562 1016 611 1070 dat
629 1017 720 1070 inania
738 1016 828 1083 rerba,

165 1093 217 1146 Dat
235 1093 294 1147 sine
307 1098 399 1147 mente
415 1110 518 1160 sonum,
532 1109 697 1161 gressusque
714 1093 818 1161 effingit
836 1092 941 1146 euntis:
976 1107 1012 1144 ore

162 1169 253 1223 hlortc
272 1169 346 1224 obite
365 1170 453 1239 qualis
471 1169 543 1222 lama
561 1174 604 1222 cst
623 1169 736 1222 volitare
755 1169 864 1238 figuras,

164 1248 311 1314 hecquae
331 1248 432 1316 sopitos
451 1246 586 1300 deludunt
604 1246 707 1299 somnia
726 1262 827 1299 sensus.

164 1324 203 1375 At
221 1324 323 1392 primas
342 1324 413 1376 laeta
431 1327 495 1376 ante
513 1324 584 1376 acies
603 1322 723 1376 exsultat
741 1322 838 1390 imago,

163 1400 319 1468 Inritatque
338 1401 425 1452 virum
444 1400 507 1453 telis
525 1405 554 1453 et
572 1416 637 1462 voce
655 1399 770 1453 lacessit.

164 1475 254 1530 Instat
271 1477 315 1529 cui
334 1477 448 1543 Turnus,
466 1477 685 1544 stridentemque
703 1476 809 1528 eminus
827 1476 933 1527 hastam
977 1489 1013 1527 ess

164 1552 295 1616 Coniieit;
320 1552 365 1605 illa
384 1553 449 1605 dato
467 1554 551 1605 vertit
571 1553 685 1619 vestigia
703 1557 789 1618 tergo.
834 1593 840 1614 ,

163 1629 231 1682 Tum
250 1645 314 1682 vero
333 1633 446 1681 Aenean
465 1645 589 1680 aversum
608 1632 639 1680 ut
658 1627 756 1680 cedere
774 1628 880 1679 Tur-uns

164 1705 296 1772 Credidit,
314 1710 398 1773 atquc
416 1705 506 1756 animo
525 1721 600 1772 spem
619 1703 747 1756 turbidus
765 1699 856 1756 hausit
875 1703 994 1754 inanem:

165 1782 223 1845 Quo
242 1781 320 1849 iugis,
341 1782 451 1834 Aenea?
471 1781 605 1834 thalamos
623 1797 657 1832 ne
676 1779 772 1832 desere
791 1783 900 1846 paetos;

165 1858 224 1911 Hac
243 1858 355 1911 dabitur
372 1857 472 1912 dextra
490 1855 571 1910 tellus
590 1857 713 1926 quaesite
731 1873 782 1924 per
800 1854 894 1908 undas.
979 1869 1015 1906 am

164 1934 239 1988 Talia
256 1935 407 1988 vociferans
425 1935 557 2002 sequitur,
576 1934 756 2000 strictumque
775 1935 899 1985 eoruseat
922 1979 926 1988 .

164 2011 337 2076 Mueronem3
356 2028 405 2064 nee
424 2012 495 2064 ferre
513 2011 589 2063 videt
607 2027 656 2063 sua
673 2009 774 2076 gaudia
791 2011 894 2061 ventos.

166 2086 249 2141 Forte
266 2089 334 2140 ratis
351 2088 415 2140 celsi
434 2088 577 2140 coniuncta
596 2086 736 2154 crepidine
755 2085 811 2137 saxi

165 2163 302 2231 Expositis
320 2164 412 2216 stabat
430 2164 509 2216 scalis
528 2167 556 2214 ct
575 2166 657 2229 ponte
675 2165 778 2228 parato,

133 2233 137 2240 '
166 2241 224 2303 (lira
242 2255 290 2292 ren
310 2239 425 2292 Clusinis
444 2239 574 2291 advectus
594 2237 703 2288 Osinius
721 2236 782 2288 oris.
981 2251 1017 2288 ess

168 2317 229 2369 lluc
247 2333 306 2368 sese
327 2315 433 2384 trepida
452 2318 562 2368 Aeneae
580 2313 709 2380 fugientis
727 2313 816 2378 imago

166 2393 281 2446 Coniieit
298 2393 326 2444 in
345 2391 478 2456 latebram
497 2407 547 2444 nec
564 2391 671 2443 'l'urnus
690 2388 798 2457 segnior
815 2388 908 2452 instet,

166 2469 374 2537 Exsuperatque
393 2485 488 2530 moras,
508 2471 537 2520 et
555 2467 645 2536 pontis
664 2465 782 2520 transilit
800 2464 876 2516 altos.

166 2545 220 2596 Vix
238 2555 345 2613 proram
366 2547 510 2613 attigerat:
530 2545 633 2613 rumpit
653 2543 780 2596 Saturnia
798 2541 898 2606 funem,

169 2621 351 2690 Avolsamque
369 2623 442 2690 rapit
460 2622 584 2676 revoluta
603 2637 652 2689 per
670 2636 789 2688 aequora
807 2633 910 2670 navem.
983 2630 1019 2668 sao

167 2696 248 2750 Illum
267 2705 358 2750 autem
380 2702 487 2752 Aeneas
505 2699 646 2751 absentem
665 2698 693 2749 in
711 2696 815 2764 proelia
827 2693 934 2762 poscit:

167 2771 254 2825 Obvia
272 2773 359 2826 multa
377 2775 464 2827 virum
484 2774 607 2827 demittit
625 2789 737 2841 corpora
755 2772 845 2825 morti.

167 2848 235 2902 'l'um
252 2849 319 2902 levis
337 2848 411 2902 haud
429 2850 502 2903 ultra
520 2850 639 2904 latebras
657 2851 711 2904 iam
730 2849 838 2918 quaerit
856 2847 953 2913 imago,

167 2924 223 2978 Sed
241 2924 357 2977 sublime
375 2925 467 2978 volans
485 2927 551 2980 nubi
570 2944 599 2980 se
617 2927 754 2980 inmiscuit
772 2930 863 2979 atrae:

168 3001 236 3056 (lum
255 3001 374 3054 'lunium
393 3003 484 3055 medio
502 3003 608 3057 interea
625 3003 680 3057 sert
699 3019 816 3070 aequore
834 2998 922 3053 turbo.
984 3013 1019 3051 sos

170 3078 292 3147 Respicit
310 3079 421 3144 ignarus
439 3095 531 3132 remur
549 3081 728 3148 ingratusque
747 3078 849 3143 salutis,

168 3155 204 3210 llt
222 3154 338 3224 duplicis
356 3171 417 3208 cum
436 3171 501 3209 voce
519 3173 615 3209 manus
633 3155 668 3209 ad
687 3155 778 3209 sidera
796 3153 899 3208 tendit:

168 3231 348 3300 Omnipotens
365 3231 481 3300 genitor,
499 3233 601 3286 tanton‘
620 3249 665 3286 me
684 3231 796 3286 crimine
815 3229 927 3297 dignum
