2266 3562
119 138 148 182 26
361 136 390 183 P.
410 135 564 184 VERGILI
582 134 746 182 Maeonis

119 214 186 283 lllic,
205 215 324 269 officiant
341 215 421 267 laetis
439 232 473 267 ne
491 212 616 281 frugibus
634 212 744 282 herbae,

120 291 179 356 llic,
199 292 320 344 sterilem
339 292 454 358 exiguus
472 308 505 344 ne
525 290 635 344 deserat
653 291 750 344 humor
767 306 886 344 aronam.
950 294 976 338 ³⁶

154 367 278 420 Alternis
295 367 369 419 idem
387 372 479 420 tonsas
498 384 604 421 cessare
622 367 738 431 novales,

118 442 155 496 nt
174 459 284 510 segnem
302 444 408 512 patiere
426 444 480 496 situ
499 444 644 497 durescere
663 461 806 512 campum;
889 449 892 456 '

120 522 179 572 Aut
197 519 235 571 ibi
255 519 323 572 flava
342 536 416 572 seres
434 518 539 573 mutato
558 519 649 573 sidere
668 521 748 587 farra,

119 595 201 648 Unde
219 596 294 663 prius
312 595 415 649 laetum
434 595 531 664 siliqua
550 601 696 664 quassante
713 596 840 663 legumen

119 673 179 726 Aut
196 673 286 726 tenuis
304 673 377 726 fetus
395 673 480 725 viciae
498 673 640 741 tristisque
659 673 743 741 lupini
953 689 977 730 st

118 747 267 802 Sustuleris
285 749 389 816 fragilis
408 749 524 802 calamos
543 749 693 817 silvamque
711 752 862 803 sonantem.

118 825 183 878 Urit
201 825 272 878 enim
291 826 337 877 lini
356 842 481 892 campum
501 843 586 892 seges,
604 826 661 878 urit
679 841 788 889 avenae,
855 883 856 888 ,

119 901 210 955 Unmt
230 901 350 956 Lethaeo
369 901 478 969 perlusa
495 917 631 969 papavera
649 918 758 954 somno:

119 977 174 1031 Sed
192 981 285 1030 tamen
303 978 415 1031 alternis
433 977 519 1036 facilis
538 978 632 1043 labor3
649 977 727 1030 arida
745 981 852 1030 tantum

119 1053 144 1106 N
146 1070 163 1105 e
181 1057 304 1106 saturare
322 1055 386 1106 fimo
404 1053 498 1121 pingui
516 1053 620 1121 pudeat
638 1054 701 1121 sola,
720 1070 788 1106 neve
953 1069 977 1106 so

120 1130 222 1183 lliletos
241 1130 358 1183 cinerem
376 1129 537 1182 inmundum
556 1131 657 1183 iactare
676 1147 726 1198 per
743 1147 829 1197 agros.

119 1207 164 1260 Sic
181 1223 289 1274 quoque
308 1206 420 1258 mutatis
438 1206 613 1272 requiescunt
631 1206 732 1259 fetibus
749 1223 821 1264 arua.

120 1283 179 1337 Nec
196 1283 269 1335 nulla
288 1283 392 1336 interea
411 1288 454 1336 est
471 1283 594 1336 inaratae
613 1283 703 1350 gratia
722 1288 819 1336 terrae.

120 1360 206 1428 Saepe
226 1360 309 1412 etiam
328 1359 428 1412 sterilis
446 1359 591 1412 incendere
610 1359 712 1428 proluit
730 1376 809 1426 agros

121 1439 214 1504 Atque
232 1437 319 1489 levem
338 1437 465 1503 stipulam
484 1437 680 1504 crepitantibus
697 1452 778 1508 urere
796 1436 927 1498 flauente,
953 1451 978 1488 st

120 1513 182 1566 Sive
199 1512 262 1565 inde
281 1511 400 1564 occultas
420 1513 482 1564 viris
501 1517 531 1564 et
549 1512 649 1580 pabula
667 1517 757 1565 terrae

122 1590 233 1656 Pinguia
250 1589 421 1656 concipiunt;
440 1590 495 1641 sive
513 1589 564 1641 illis
583 1606 662 1642 omne
680 1590 838 1658 perignem

123 1665 287 1733 llxcoquitur
305 1665 408 1727 vitium,
428 1670 513 1733 atque
532 1665 650 1718 exsudat
669 1665 771 1718 inutilis
788 1665 903 1728 humen

120 1743 174 1796 Seu
192 1742 276 1814 pluris
295 1741 367 1793 calor
386 1741 431 1794 ille
451 1742 507 1794 vius
526 1747 554 1794 ot
573 1759 652 1794 caeca
670 1742 776 1795 relaxat

120 1819 300 1887 spiramenta,
319 1834 402 1870 novas
422 1819 511 1871 veniat
530 1835 581 1886 qua
603 1836 682 1872 sucus
700 1820 727 1871 in
746 1818 863 1878 lrerl›as;
954 1831 979 1870 ae

120 1895 175 1948 Seu
193 1894 274 1946 durat
292 1895 385 1962 inagis,
404 1898 433 1946 et
451 1909 532 1947 venas
552 1896 699 1963 adstrinm't
717 1895 826 1960 hiantis,

84 2004 86 2009 s
120 1971 163 2024 Ne
181 1974 277 2023 tenues
294 1970 409 2037 pluviae,
428 1971 548 2038 rapidive
568 1973 690 2039 potentia
708 1971 771 2023 solis

121 2048 225 2114 Acrior,
244 2051 292 2100 aut
312 2046 416 2100 Boreae
435 2048 603 2114 permirabile
623 2049 708 2116 frigus
728 2047 834 2099 adurat.

155 2123 272 2176 Multum
291 2122 367 2189 adeo,
385 2123 480 2175 rastris
498 2123 609 2190 glaebas
630 2126 675 2192 qui
694 2124 796 2191 frangit
814 2123 910 2176 inertis

123 2200 313 2267 vimineasque
331 2199 416 2252 trabit
434 2200 523 2267 cretis,
541 2200 616 2253 iuvet
635 2219 718 2265 arva;
736 2217 825 2268 neque
841 2199 917 2252 illurn
956 2211 981 2249 at

122 2275 305 2334 Flavab'eres
324 2276 378 2329 alto
397 2277 560 2344 nequiquam
580 2283 684 2345 spectat
704 2278 837 2346 Olympo;

123 2353 158 2405 nt
176 2353 230 2421 qui,
249 2353 380 2418 proscisso
399 2369 468 2421 quae
487 2354 601 2406 suscitat
621 2371 738 2424 aequore
758 2359 844 2421 terga,

122 2428 226 2482 Rursus
243 2429 270 2481 in
289 2428 426 2496 obliquum
446 2447 523 2483 verso
542 2432 697 2499 perrumpit
717 2435 816 2498 aratro,

124 2504 292 2572 llnercetque
310 2505 438 2573 frequens
457 2507 589 2573 tellurem,
608 2514 690 2575 atque
708 2508 815 2575 inperat
833 2507 910 2568 arvia¹

157 2581 277 2634 Humida
294 2581 410 2634 solstitia
427 2587 510 2650 atquc
528 2584 630 2637 hiemes
648 2587 725 2636 orate
744 2600 859 2648 serenas,
950 2597 984 2634 re

124 2658 285 2725 Agricolam
302 2657 415 2711 hiberno
434 2659 584 2713 laetissima
603 2661 716 2728 pulvere
735 2661 815 2726 farra,

122 2734 222 2787 Laetus
241 2728 320 2802 ager:
340 2736 414 2788 nullo
434 2741 541 2790 tantum
562 2754 591 2790 se
611 2737 698 2805 Mysia
718 2737 794 2789 cultu

123 2809 213 2864 laetat
231 2816 260 2864 et
277 2812 335 2881 ipsa
353 2829 414 2866 suas
432 2815 564 2866 mirantur
583 2813 704 2880 Gargara
722 2813 822 2865 messis.

122 2885 194 2950 Quid
213 2887 396 2952 diean1‚iaeto
416 2891 461 2958 qni
481 2891 582 2942 semine
602 2889 754 2941 comminus
772 2904 837 2940 arva

124 2962 280 3030 Insequitur
298 2964 473 3032 cumulosque
492 2966 547 3017 ruit
565 2965 636 3017 male
655 2965 762 3033 pinguis
780 2978 887 3030 arenae,
951 2976 986 3014 tos

122 3037 229 3092 Deinde
249 3041 314 3093 sutis
332 3039 443 3092 fluvium
461 3040 565 3092 inducit
584 3040 710 3108 rivosque
730 3046 878 3109 sequentis,

123 3114 166 3181 ut,
184 3131 245 3168 cum
265 3119 378 3175 exustus
396 3131 463 3181 ager
482 3115 662 3167 morientibus
681 3120 791 3168 aestuat
808 3114 909 3172 herbis.

123 3189 190 3242 lloce
209 3191 352 3260 supercilio
371 3191 462 3243 clivosi
480 3191 598 3242 tramitis
616 3192 716 3244 undam
