2290 3568
410 183 591 233 AENEIDOS
609 185 679 235 LIB.
698 185 731 233 V.
949 187 992 234 171

147 265 294 320 Abduxere
311 267 387 319 retro
405 265 486 334 longe
504 266 594 334 capita
612 266 699 319 ardua
716 265 751 319 ab
769 265 831 328 ictu,

144 342 347 410 lnmiscentque
365 359 461 395 manus
480 343 612 407 manibus,
632 359 806 411 pugnamque
823 342 965 396 lacessunt

145 418 195 472 llle
213 419 315 487 pedum
333 419 429 472 melier
446 423 530 486 metu,
549 419 691 487 fretusque
709 419 826 485 iuventa,
959 433 995 472 aaa

145 495 197 549 Hic
215 494 343 548 membris
362 499 390 549 et
408 497 479 550 mole
497 496 605 560 valens;
624 495 673 548 sed
691 495 772 549 tarde
789 497 919 549 trementi

143 573 237 624 Genua
255 571 357 638 labant,
375 576 466 626 vastos
485 572 576 640 quatit
594 589 676 640 aeger
694 571 829 625 anhelitus
847 575 930 626 artus

143 647 232 701 Multa
249 648 300 701 viri
319 650 483 718 nequiquam
502 649 576 702 iuter
593 665 623 702 se
641 649 751 702 volnera
768 648 880 716 iactant,

143 723 231 778 Multa
249 741 314 778 cavo
333 724 412 778 lateri
430 725 600 792 ingeminant
619 729 648 779 et
666 729 778 794 pectore
795 729 887 779 vastos

143 797 216 855 Dant
235 801 345 866 sonitus,
366 809 494 869 erratque
513 802 586 855 aruris
606 805 634 854 et
652 804 779 869 tempera
795 801 896 856 circum
961 817 997 855 aa

143 877 246 932 Crebra
264 895 365 938 manus,
385 877 454 930 duro
473 878 609 944 crepitant
628 877 678 930 sub
696 877 806 930 volnere
824 878 917 932 malae.

142 953 205 1008 Stat
221 953 313 1022 gravis
332 953 456 1006 Entellus
474 953 589 1020 nisuque
607 953 726 1005 inmotus
744 952 848 1020 eodem,

143 1030 262 1099 Corpore
281 1029 336 1082 tela
354 1029 435 1081 medo
453 1031 537 1095 atque
555 1028 639 1081 oeulis
660 1028 832 1096 vigilantibus
851 1029 916 1084 exit.

147 1107 201 1174 llle,
220 1105 295 1158 velut
313 1105 412 1158 celsam
430 1108 570 1173 oppugnat
589 1105 634 1172 qui
653 1104 770 1157 molibus
786 1105 890 1174 urbem,

153 1186 202 1236 lut
221 1185 351 1236 montana
369 1181 448 1235 sedet
466 1182 566 1235 circum
584 1181 697 1235 castella
715 1181 765 1234 sub
783 1182 874 1250 aruris,
959 1195 995 1235 eoo

148 1259 222 1314 lunc
239 1260 296 1327 hes,
315 1276 385 1312 nunc
403 1259 463 1312 illes
481 1258 580 1326 aditus,
598 1275 761 1327 omnemque
778 1262 903 1327 pererrat

147 1340 214 1390 arte
231 1337 326 1402 locum,
345 1340 374 1389 et
391 1337 473 1389 variis
491 1336 645 1390 adsultibus
663 1335 762 1388 inritus
779 1339 886 1403 urguet.

142 1413 272 1468 Ostendit
291 1413 416 1466 dextram
435 1413 578 1481 insurgens
597 1412 721 1465 Entellus
739 1416 769 1465 et
787 1412 842 1466 alte

143 1484 262 1543 Extulit:
280 1489 326 1542 ille
344 1490 428 1542 ictum
446 1490 597 1542 venientem
617 1490 753 1542 avertice
771 1489 849 1542 velox

144 1565 291 1630 l'raevidit‚
311 1566 447 1632 celerique
466 1565 573 1632 elapsus
591 1582 704 1633 corpore
722 1565 818 1618 cessit:
958 1578 994 1618 4¹5

144 1641 267 1694 Entellus
286 1642 351 1693 viris
369 1641 396 1692 in
415 1644 526 1692 ventum
544 1641 648 1706 effudit,
668 1644 697 1693 et
714 1640 787 1692 ultro

143 1718 206 1786 Ipse
223 1717 314 1786 gravis
332 1717 508 1785 graviterque
526 1717 562 1769 ad
580 1719 683 1769 terram
701 1715 822 1784 pondere
841 1720 916 1769 vasto

142 1795 280 1848 Concidit:
299 1797 330 1846 ut
349 1792 484 1862 quendam
503 1809 568 1846 cava
586 1792 705 1845 concidit
722 1795 771 1844 aut
791 1791 964 1860 Erynnmtlie,

143 1873 201 1924 Aut
221 1870 272 1923 Ida
289 1870 317 1922 in
336 1887 440 1936 magna,
459 1868 595 1922 radicibus
614 1872 693 1922 eruta
710 1869 796 1937 pinus.

141 1945 432 2014 Consurgunt‘studiis
452 1946 547 1998 Teucri
565 1949 594 1998 et
613 1945 751 1998 Trinacria
769 1943 869 2012 pubcs;
958 1957 994 1997 eoo

143 2023 170 2077 It
189 2023 290 2076 clamor
307 2022 388 2088 caelo,
407 2023 566 2090 primusque
584 2021 702 2075 accurrit
721 2023 844 2088 Acestes,

142 2100 375 2168 Acquaevumque
394 2097 429 2150 ab
447 2098 529 2150 humo
547 2099 678 2150 nriscrans
696 2097 799 2151 attollit
817 2097 939 2150 amicum.

142 2179 181 2229 At
199 2192 253 2228 non
272 2173 399 2227 tardatus
416 2189 480 2225 casu
498 2190 587 2240 neque
604 2173 718 2226 territus
736 2171 816 2225 heros

142 2252 239 2306 Acrior
258 2250 293 2303 ad
311 2266 430 2318 pugnam
449 2248 530 2315 redit,
548 2265 579 2302 ac
597 2250 652 2300 vim
671 2249 784 2301 suscitat
803 2249 849 2301 ira.

140 2329 208 2381 Tum
226 2327 315 2397 pudor
333 2325 454 2379 incendit
472 2325 537 2378 viris
555 2329 584 2378 et
602 2325 708 2377 conscia
726 2325 819 2391 virtus,
957 2339 993 2378 45⁵

140 2404 378 2473 Praecipitemquc
399 2402 489 2454 Daren
507 2401 607 2454 ardens
626 2401 683 2468 agit
702 2417 819 2470 aequore
837 2404 903 2467 toto,

139 2482 219 2535 Nunc
237 2481 336 2534 dextra
353 2479 522 2548 ingeminans
540 2479 617 2546 ictus,
636 2495 706 2532 nunc
724 2479 769 2531 ille
787 2479 909 2544 sinistra;

141 2557 199 2610 Nec
216 2574 299 2623 mora,
318 2574 368 2610 nec
386 2555 508 2625 requies:
528 2572 608 2624 quam
628 2555 715 2608 multa
732 2555 866 2623 grandine
884 2557 969 2611 nimbi

139 2633 309 2686 Culminibus
328 2634 471 2702 crepitant,
490 2633 528 2686 sic
547 2633 639 2686 densis
656 2632 756 2685 ictibus
774 2631 854 2685 heros

141 2709 244 2763 Creber
262 2714 379 2778 utraque
396 2727 479 2762 inane
496 2710 589 2779 pulsat
607 2713 753 2778 versatque
773 2708 882 2762 Dareta.
956 2722 992 2761 ooo

140 2786 209 2839 Tum
227 2790 306 2855 pater
325 2789 433 2840 Aeneas
452 2787 601 2854 procedere
619 2786 724 2854 longius
742 2786 797 2838 iras

141 2862 177 2916 Et
195 2863 299 2916 saevire
318 2862 414 2914 animis
435 2863 571 2916 Entellum
590 2863 664 2916 haud
682 2879 777 2932 passus
795 2862 913 2928 acerbis;

140 2939 196 2994 Sed
214 2941 296 2994 linem
314 2938 434 3005 inposuit
452 2956 566 3007 pugnae,
585 2939 740 3008 fessumque
759 2937 862 2991 Dareta

140 3016 255 3086 Eripuit,
275 3013 396 3068 mulcens
414 3015 502 3081 dictis,
521 3032 552 3068 ac
570 3015 637 3086 talia
654 3015 740 3068 fatur:

141 3093 247 3158 Infelix,
267 3108 337 3162 quoe
354 3095 434 3144 tanta
452 3092 570 3144 animum
590 3091 728 3144 dementia
745 3090 835 3158 cepit?
955 3103 991 3143 see

141 3170 202 3224 Non
220 3169 285 3223 viris
303 3169 370 3223 alias
387 3185 570 3238 conversaque
588 3169 699 3221 numina
717 3167 818 3220 sentis?

141 3246 290 3368 Cedalqleo.
329 3246 461 3318 Dixitque
479 3248 507 3299 et
525 3244 628 3317 proelia
646 3261 710 3298 voce
728 3242 847 3298 diremit.
