2268 3570
147 144 191 192 336
378 147 406 194 Ρ.
426 145 581 194 VERGILI
598 143 764 193 MARONIS

147 223 339 296 Arrectaeque
357 225 470 280 horrore
489 242 589 294 comae,
609 229 637 280 et
655 242 707 279 vox
725 223 848 278 faucibus
865 223 960 278 haesit

147 301 196 366 At,
213 302 308 370 procul
327 305 359 356 ut
377 303 460 356 Dirae
479 302 627 356 stridorem
644 301 775 369 adgnovit
793 304 822 354 et
839 300 904 369 alas,

147 375 247 430 Infelix
265 379 347 432 crinis
366 379 466 432 scindit
485 379 603 432 Iuturna
621 378 730 444 solutos,
961 391 997 431 ero

147 451 290 522 Unguibus
309 472 357 508 ora
375 473 452 508 soror
469 456 582 509 foedans
601 458 629 508 et
647 460 760 523 pectora
776 453 888 522 pugnis:

147 529 220 594 Quid
238 549 309 585 nunc
327 536 356 586 te
373 536 429 597 tua,
449 533 546 600 Tumo‚
564 535 657 601 potest
674 547 803 599 germana
820 531 934 585 iuvaret

149 609 206 660 Aut
224 608 292 676 quid
310 609 364 662 iam
383 609 469 662 durae
487 613 600 678 superat
617 607 701 662 mihil
727 624 782 675 qua
800 607 852 660 tibi
869 607 958 660 lucem

148 684 218 737 Arte
236 687 345 739 moror?
383 685 457 738 talin’
476 701 586 754 possum
605 701 649 737 me
666 700 803 753 opponere
821 685 961 738 monstret

147 758 206 812 Iam
225 761 279 814 iam
297 762 390 830 linquo
409 762 487 815 acics.
525 761 568 814 Ne
586 778 630 814 me
647 763 752 814 terrete
771 760 923 826 timentem,
960 775 996 814 873

147 834 287 890 Obscenae
305 837 443 903 volucres3
467 838 572 890 alarum
590 837 705 890 verbera
722 853 803 889 nosco

146 911 325 982 letalemque
343 913 452 978 sonum;
476 930 526 967 nco
543 913 639 966 fallant
657 913 731 966 iussa
748 911 866 980 superba

146 985 313 1056 Magnanimi
334 990 414 1043 Iovis.
451 991 527 1043 Haec
545 1006 595 1058 pro
614 989 771 1056 virginitate
789 989 914 1057 reponiti

147 1062 206 1127 Quo
225 1065 308 1118 vitam
327 1065 405 1120 dedit
423 1068 579 1120 aetemami
603 1082 652 1118 cur
670 1065 767 1118 mortis
785 1064 916 1133 adempta
934 1068 977 1118 est

146 1139 293 1195 Condicio?
317 1159 425 1210 possem
443 1147 535 1196 tantos
553 1142 632 1195 finire
651 1141 758 1194 dolores
957 1157 994 1195 eso

146 1215 172 1268 N
175 1234 227 1270 unc
245 1222 327 1285 certe,
347 1223 376 1272 et
394 1219 493 1273 misero
510 1219 589 1272 fratri
607 1235 697 1272 comes
715 1218 756 1270 ire
773 1234 823 1286 per
840 1218 958 1272 umbras.

149 1291 303 1348 inmortalis
322 1297 388 1363 egoi
413 1299 461 1349 aut
479 1296 625 1363 quicquam
643 1294 710 1346 mihi
728 1293 808 1348 dulce
825 1311 945 1348 meorum

146 1367 184 1421 'le
202 1369 267 1437 sine,
284 1370 377 1436 frater,
396 1372 465 1425 erit?
501 1371 524 1424 Ο
544 1387 613 1438 quae
632 1371 698 1423 satis
716 1370 772 1424 alta
790 1369 913 1423 dehiscat

147 1443 229 1498 Terra
247 1447 321 1512 mihi,
343 1447 485 1516 Manisque
503 1447 583 1500 deam
601 1445 731 1500 demittat
748 1445 784 1499 ad
801 1445 882 1500 imos!

146 1519 262 1574 Tantum
281 1523 369 1592 effata,
388 1528 469 1593 caput
486 1523 581 1592 glauco
599 1523 720 1576 contexit
738 1522 846 1589 amictu,
956 1539 993 1578 880

146 1595 235 1650 Multa
251 1615 370 1666 gemens,
389 1603 418 1653 et
436 1617 465 1654 se
482 1600 564 1653 fluvio
582 1599 635 1652 dea
653 1598 775 1652 condidit
792 1599 855 1652 alto.

181 1674 291 1726 Aeneas
308 1676 394 1728 instat
412 1680 506 1729 contra
523 1676 664 1743 telumque
682 1677 812 1742 coruscat,

147 1747 254 1816 Ingens,
273 1751 425 1819 arboreum,
443 1756 472 1806 et
490 1768 570 1805 saevo
589 1751 627 1804 sio
644 1754 756 1819 pectore
773 1751 859 1804 fatur:

146 1823 222 1888 Quae
246 1843 317 1880 nunc
342 1827 442 1882 deinde
463 1845 539 1880 mora
561 1828 619 1881 esti
649 1828 697 1879 aut
719 1825 786 1894 quid
807 1826 869 1892 iam,
891 1833 990 1896 imme,

213 1905 362 1957 retractas?

146 1975 171 2029 N
174 1995 208 2031 on
225 1996 313 2047 cursu,
332 1980 419 2034 saevis
437 1979 597 2033 certandum
616 1981 659 2031 est
677 1978 825 2031 comminus
842 1982 931 2034 armis.
955 1996 990 2036 800

146 2051 233 2108 Verte
251 2056 337 2109 onmis
355 2059 413 2110 tete
429 2056 458 2108 in
475 2055 565 2123 facies,
582 2058 611 2107 et
629 2054 767 2122 contrahe,
786 2055 921 2124 quidquid

146 2129 208 2184 Sive
226 2132 322 2184 animis
341 2133 397 2185 sive
415 2136 476 2186 arte
493 2131 582 2196 vales;
606 2134 670 2198 opta
687 2131 775 2184 ardua
791 2133 887 2198 pennis

147 2209 231 2260 Astra
249 2209 334 2277 sequi,
352 2209 526 2276 clausumque
544 2223 609 2261 cava
626 2212 656 2260 te
674 2208 791 2261 condere
808 2212 889 2262 terra.

131 2283 198 2358 'Ille
215 2289 298 2352 caput
316 2301 458 2352 quassans:
484 2285 546 2337 Non
563 2300 607 2336 me
624 2286 673 2336 tua
689 2283 794 2337 fervida
811 2287 916 2338 terrent

147 2360 233 2427 Dicta,
252 2361 341 2414 ferox:
366 2361 395 2413 di
413 2377 457 2413 me
473 2363 581 2414 terrent
598 2363 628 2412 et
647 2359 772 2427 Iuppiter
789 2359 884 2414 hostis.
953 2377 990 2416 800
1074 2385 1077 2391 ·

146 2437 171 2488 N
174 2453 204 2489 eo
222 2436 301 2504 plura
318 2437 422 2501 cffzatus,
442 2452 537 2488 saxum
555 2435 737 2502 circumspicit
754 2435 856 2504 iugens,

146 2512 246 2565 Saxum
265 2513 414 2580 antiquum,
433 2512 640 2578 ingens‚campo
659 2509 733 2578 quod
750 2511 822 2565 forte
839 2512 954 2578 iacebat,

146 2589 235 2642 limes
253 2607 318 2656 agro
336 2589 446 2657 positus,
464 2588 540 2640 litem
559 2591 590 2640 ut
609 2587 776 2640 discerneret
793 2589 879 2654 arvis3

146 2663 200 2716 Vix
218 2665 285 2718 illud
303 2665 367 2718 lecti
385 2664 426 2717 bis
445 2680 491 2716 sex
510 2663 614 2716 cervice
632 2662 768 2729 subirent,

146 2740 242 2804 Qualia
259 2757 330 2794 nunc
343 2741 481 2792 hominum
498 2739 626 2806 producit
644 2755 756 2808 corpora
774 2740 868 2806 tellus;
952 2757 991 2795 000

147 2817 197 2870 1110
214 2835 297 2870 manu
314 2821 421 2886 raptam
437 2816 547 2885 trepida
563 2816 710 2885 torquebat
727 2817 756 2870 in
773 2816 885 2886 hostem,

147 2893 236 2946 Altior
254 2895 395 2961 insurgens
413 2898 442 2947 et
459 2910 539 2946 cursu
558 2893 677 2947 concitus
694 2893 784 2946 heros.

146 2969 200 3022 Sed
217 2987 307 3038 nequo
325 2975 478 3024 currentem
496 2987 525 3024 se
543 2987 593 3023 nec
605 2970 742 3038 cognoscit
760 2973 878 3034 euntem,

146 3045 329 3100 Tollentomve
342 3065 422 3100 manu
441 3065 590 3116 saxumque
607 3048 715 3100 inmane
732 3049 899 3110 moventem;

146 3123 242 3176 Genua
258 3125 359 3192 labant,
377 3125 484 3192 gelidus
502 3125 638 3178 concrevit
655 3125 756 3192 frigore
774 3123 890 3191 sanguis.
953 3140 990 3178 000

146 3199 213 3252 Tum
232 3200 300 3266 lapis
317 3201 375 3269 ipsc
392 3203 450 3268 viri,
468 3219 582 3256 vacuum
599 3217 649 3270 per
666 3201 746 3255 inane
763 3200 877 3262 volutus,
