2268 3570
391 166 574 216 AENEIDOS
592 167 658 216 LIB.
679 167 745 218 XII.
958 171 1004 222 ³17

154 247 254 302 Oblata
273 246 396 314 gaudeas
414 249 528 318 conponi
547 249 658 302 loedere
676 249 785 304 bellum.

153 323 222 378 Tum
241 324 327 377 socios
345 325 497 393 aracstique
516 329 620 378 metum
639 325 743 379 solatur
762 327 824 394 Iuli,
970 343 1006 382 no

155 399 224 453 Fata
242 400 350 466 docens,
369 401 482 469 regique
499 401 576 455 iubet
595 419 724 470 responsa
743 402 842 457 Latino

153 476 239 530 Certa
257 477 360 529 referre
378 477 458 544 viros,
478 481 506 530 et
524 479 598 546 pacis
616 477 708 532 dicere
726 479 807 547 leges.

190 553 305 606 Postera
323 554 368 606 vix
388 571 507 608 summos
526 556 673 624 spargebat
691 557 793 610 lumino
811 557 912 612 rnontis

153 629 224 682 Orta
242 630 307 696 dies,
325 647 387 684 cunr
405 631 524 700 primum
542 633 598 685 alto
617 649 647 685 se
665 633 774 701 gurgite
793 633 892 687 tollunt

154 705 224 760 Solis
243 707 314 775 equi,
333 707 475 776 lucemque
494 708 572 761 elatis
591 708 702 762 naribus
721 709 820 773 efflant,
968 725 1004 764 no

154 781 286 851 Caarpum
304 783 340 836 ad
358 787 497 836 certamen
515 801 629 852 magnae
648 785 698 838 sub
716 785 859 839 moenibus
877 784 953 838 urbis

156 858 277 913 Dimensi
297 859 448 928 Rutulique
466 860 517 912 viri
536 861 688 930 Teucrique
706 861 846 930 parabant,

157 933 189 988 ln
207 935 352 1003 medioque
370 936 443 988 focos
462 941 490 990 et
508 936 552 989 dis
570 937 758 990 communibus
775 954 837 992 aras

154 1009 320 1065 (immineas.
358 1012 414 1065 Alii
432 1013 590 1081 fontemque
609 1014 754 1081 ignemque
772 1013 905 1080 ferebant,

156 1087 246 1141 Velati
266 1088 336 1153 limo,
354 1093 384 1142 et
402 1088 521 1142 verbena
539 1093 664 1158 tempora
683 1091 773 1144 vincti.
968 1105 1004 1144 aar

156 1163 284 1218 Procedit
302 1165 373 1232 legio
394 1164 571 1228 Ausonidum,
589 1165 729 1235 pilataque
748 1168 837 1235 plenis

156 1241 273 1308 Agmina
289 1257 320 1294 se
338 1241 457 1294 fundunt
474 1243 571 1310 portis.
609 1242 682 1296 llinc
702 1242 797 1296 Troius
815 1243 903 1298 omnis

156 1315 363 1385 'tyrrhenusque
382 1319 438 1371 ruit
456 1317 538 1370 variis
557 1319 694 1372 exercitus
711 1321 802 1386 armis,

157 1391 238 1445 Haud
257 1409 335 1446 secus
352 1394 480 1448 instructi
498 1393 578 1456 ferro,
597 1411 679 1463 quam
697 1395 720 1449 si
738 1413 835 1466 aspera
854 1397 953 1452 Martis

156 1465 250 1536 Pugna
268 1474 353 1523 vocet.
390 1470 448 1523 Nec
467 1487 520 1524 noa
538 1472 683 1525 mediisin
701 1473 811 1526 milibus
829 1473 880 1542 ipsi
969 1489 1003 1528 rat

156 1543 289 1600 lluctores
307 1563 373 1600 auro
392 1547 507 1600 volitant
525 1551 655 1616 ostroque
674 1549 792 1616 superbi,

155 1621 191 1674 llt
208 1639 294 1689 genus
313 1624 440 1677 Assaraci
460 1624 627 1691 Mnestheus,
646 1629 674 1678 et
692 1625 770 1678 sortis
789 1625 888 1694 Asilas,

154 1696 190 1750 Et
208 1697 350 1767 Messapus
369 1715 470 1768 equum
488 1700 614 1768 domitor,
634 1700 773 1769 Neptunia
790 1701 886 1770 proles

155 1773 248 1842 thue
268 1775 332 1829 dato
352 1776 428 1844 signo
447 1777 535 1844 spatia
553 1778 581 1830 in
599 1794 648 1830 sna
667 1777 783 1846 quisque
801 1778 920 1842 recessit,

155 1850 285 1918 Defigunt
303 1852 395 1904 telluri
414 1851 507 1904 hastas
525 1857 553 1906 et
572 1857 650 1906 scuta
668 1853 807 1908 reclinant.
964 1867 998 1908 lae

154 1927 221 1979 Tam
241 1927 332 1981 studio
351 1927 452 1981 effusae
472 1932 574 1981 matres
593 1933 622 1982 ct
640 1929 734 1997 volgus
752 1929 886 1983 inernrum

156 2003 326 2072 invalidique
345 2021 423 2057 senes
442 2005 526 2058 turris
545 2009 573 2058 et
591 2009 666 2059 tecta
684 2007 824 2059 domorum

152 2077 302 2144 Obsedere,
321 2080 367 2132 alii
385 2080 473 2148 portis
492 2080 655 2134 sublimibus
673 2083 791 2136 adstant.

189 2158 229 2208 At
250 2156 318 2208 lano
337 2173 352 2208 e
371 2173 484 2223 summo,
504 2157 551 2225 qui
569 2174 640 2210 nunc
660 2158 784 2212 Albanus
802 2158 961 2227 babetur,-

153 2231 221 2284 Tum
233 2248 322 2299 neque
336 2249 434 2286 nomen
447 2238 507 2287 erat
520 2251 569 2287 nec
581 2233 666 2286 honos
679 2239 727 2287 aut
739 2235 825 2302 gloria
837 2235 959 2289 monti-

154 2307 325 2376 Prospiciens
336 2309 442 2362 tumulo
455 2326 580 2378 campum
593 2309 752 2378 aspectabat
764 2315 793 2364 ct
806 2309 899 2364 narbas
968 2327 1003 2364 rao

154 2383 322 2438 Laurentum
341 2385 497 2454 Troumque
514 2386 586 2439 acies
603 2387 754 2456 urbemque
774 2387 873 2441 latini.

155 2459 298 2529 Extemplo
317 2460 401 2514 Turni
420 2461 458 2514 sic
477 2465 519 2514 cst
538 2462 631 2515 adlata
648 2479 776 2531 sororem,

154 2535 222 2588 Diva
240 2535 327 2602 deam,
346 2537 450 2604 stagnis
469 2554 540 2605 quae
558 2537 770 2607 fluminibusque
788 2539 894 2593 sonoris

154 2611 310 2676 Praesidet;
328 2613 399 2667 hunc
418 2613 456 2666 illi
476 2631 525 2667 rex
544 2615 663 2668 aetheris
682 2615 754 2668 altus
772 2615 902 2669 bonorem
967 2631 1002 2670 uo

154 2687 279 2756 Iuppiter
296 2693 391 2758 erepta
408 2707 458 2758 pro
477 2691 635 2758 virginitate
655 2692 782 2746 sacravit:

153 2763 285 2832 Nympha,
304 2765 556 2833 accusandorum,
576 2767 665 2820 animo
684 2767 839 2835 gratissima
856 2771 957 2834 nostro,

152 2840 215 2902 Scis,
233 2846 264 2895 ut
282 2845 311 2894 te
328 2842 433 2895 cunctis
451 2859 540 2909 unam,
560 2859 747 2912 quaecumque
768 2844 880 2897 Latinae

152 2916 318 2983 Magnanimi
338 2918 410 2970 lovis
427 2918 565 2986 ingratum
583 2919 729 2973 ascendere
747 2918 843 2985 cubile,

153 2993 340 3060 Praetulerim,
359 2994 481 3062 caelique
500 2995 588 3048 libeas
606 2995 634 3047 in
652 2997 731 3062 parte
750 2993 872 3050 locarim:
965 3011 1000 3051 14⁵
1090 3047 1095 3059 ,

151 3067 233 3122 Disce
251 3073 337 3137 tuum,
355 3086 389 3123 ne
407 3086 451 3124 me
469 3071 583 3137 incuses,
603 3072 724 3137 Iuturna,
744 3070 872 3125 dolorem.

151 3145 210 3208 Qua
228 3143 287 3198 visa
304 3149 348 3200 cst
365 3146 476 3203 fortuna
493 3147 552 3216 pati
573 3147 727 3214 Parcaeque
745 3145 872 3202 sinebant

152 3219 255 3275 Cedere
272 3238 318 3276 res
338 3222 423 3284 Latio,
444 3222 562 3274 Turnum
582 3225 676 3275 ettae
694 3222 801 3274 mocnio
820 3224 891 3276 tesi:
