2278 3568
421 157 604 208 AENEIDOS
622 159 690 208 LIB.
711 159 733 207 1.
970 163 998 208 91

149 231 254 310 Impius
272 238 337 289 ante
354 252 416 290 aras
434 241 518 306 atque
536 239 595 290 anri
614 255 711 292 eaeeus
729 255 822 292 amore

149 312 225 364 (llam
243 311 316 364 ferro
334 312 472 366 incautum
491 321 611 382 superat,
631 332 742 368 securus
761 332 883 369 amorum
965 330 1001 370 sto

148 387 315 454 Germanae;
333 389 491 458 laetumque
510 391 557 443 11111
575 392 682 457 celavit,
702 397 731 445 et
750 409 868 460 aegram,

148 462 237 517 Multa
255 465 342 518 malus
361 466 495 529 simulans,
515 485 583 520 vana
602 484 650 536 spe
669 468 734 522 lusit
753 473 898 523 ornantem.

148 542 213 609 Ipsa
231 541 326 596 sedin
345 545 445 598 somnis
463 544 598 598 inhumati
617 551 692 599 vemt
710 548 800 613 imago

148 618 282 686 Coniugis,
302 636 350 674 ora
368 621 457 674 modis
475 622 604 675 attollens
623 622 727 690 pallida
745 623 839 688 miris;

148 694 273 748 Crudelis
292 713 354 751 aras
372 699 544 768 traiectaque
563 704 676 767 pectora
694 699 767 753 ferro
966 717 1001 755 stt

148 770 173 823 N
176 771 278 839 udavit,
297 790 463 844 caecumque
482 774 579 828 domus
598 776 693 846 scelus¹
704 793 783 829 omne
802 777 914 830 retexit.

148 845 215 901 'l'nm
234 850 353 904 celerare
371 851 464 919 fugam
482 853 629 921 patriaque
648 853 782 905 excedere
802 852 908 920 suadet,

147 925 345 995 Auxiliumque
363 929 422 980 viae
442 929 542 981 veteris
562 929 662 981 tellure
681 928 800 981 recludit

147 1001 306 1068 Thesauros,
325 1005 448 1072 ignotum
468 1005 574 1072 argenti
591 1005 698 1072 pondus
717 1009 746 1058 et
764 1005 829 1057 auri.

148 1077 200 1132 His
217 1084 353 1134 commota
371 1081 463 1148 lugam
483 1080 555 1134 Dido
573 1081 714 1150 sociosque
732 1081 854 1150 parabat.
964 1092 1000 1132 100

148 1155 324 1225 Conveniunt,
344 1156 444 1225 quibus
461 1161 510 1210 aut
529 1158 621 1211 odium
640 1158 751 1211 crudele
770 1159 877 1226 tyranni

147 1232 207 1286 Ant
224 1237 315 1287 uretns
333 1251 397 1288 aeer
415 1237 490 1300 erat;
509 1235 591 1302 navis,
611 1252 681 1304 quae
700 1237 771 1289 forto
791 1239 912 1304 paratae,

147 1308 311 1380 Corripiunt,
331 1317 502 1381 onerantque
520 1329 603 1377 anr0;
622 1317 768 1382 portantur
787 1313 860 1366 avari

149 1385 328 1454 Pygmalionis
346 1407 412 1457 opes
430 1390 544 1457 pelag0;
563 1390 619 1442 dux
640 1391 741 1443 femina
759 1389 833 1443 faeti.

147 1462 288 1517 Devenere
307 1465 387 1532 locos,
405 1466 451 1518 ubi
471 1483 542 1519 nune
560 1467 683 1533 ingentia
702 1466 790 1520 cemis
964 1479 1000 1517 aas

146 1539 255 1594 Moenia
273 1547 487 1610 surgentemque
504 1559 590 1595 novae
611 1544 789 1610 Karthaginis
808 1561 907 1613 arcem,

146 1616 317 1686 Mereathue
336 1618 431 1682 solum,
450 1619 515 1671 facti
534 1619 570 1671 de
588 1619 696 1671 nomine
716 1619 838 1686 Byrsam,

146 1691 263 1746 'l'aurino
281 1697 415 1763 quantum
434 1698 547 1762 possent
565 1695 735 1748 cireumdare
755 1699 842 1762 tergo.

146 1769 201 1823 Sed
220 1787 266 1824 vos
285 1771 333 1840 qui
351 1770 471 1838 tandem,
491 1769 591 1839 quibus
609 1775 657 1826 aut
675 1771 788 1824 venistis
807 1770 841 1823 ab
861 1771 923 1838 oris,

146 1846 240 1910 Quove
258 1847 361 1901 tenetis
379 1848 449 1902 iterl
478 1849 627 1913 Quaerenti
647 1847 748 1902 talibus
768 1847 813 1900 ille
963 1862 999 1903 stt

145 1922 290 1990 Suspirans
308 1924 418 1993 imoque
436 1924 548 1978 trahens
567 1943 583 1978 a
600 1929 712 1992 pectore
731 1941 837 1978 vocem:

181 1998 204 2051 O
224 2001 283 2066 dea,
301 2000 325 2052 si
342 2001 430 2069 prima
448 2005 575 2068 repetens
594 2002 629 2054 ab
648 2002 752 2068 origine
771 2017 891 2070 pergam,

146 2074 183 2127 nt
201 2079 280 2128 vacet
298 2076 401 2128 annalis
419 2080 574 2128 nostrornm
593 2077 688 2130 audire
707 2077 837 2144 laborum,

147 2153 222 2203 Ante
241 2149 314 2204 diem
333 2151 423 2203 clauso
441 2155 576 2218 conponat
595 2153 702 2220 Vesper
722 2152 842 2220 Olympo.

147 2227 172 2282 N
175 2243 205 2280 os
224 2226 303 2279 Troia
321 2226 441 2296 antiqua,
461 2227 483 2278 si
502 2231 609 2280 vestras
627 2229 698 2280 forte
717 2244 766 2295 per
785 2229 859 2282 auris
964 2244 999 2285 111

126 2299 131 2306 ’
147 2303 243 2357 Troiae
262 2319 359 2357 nomen
377 2302 415 2368 iit,
434 2301 543 2355 diversa
561 2320 611 2372 per
629 2320 749 2372 aequora
768 2308 861 2358 vectes

147 2382 230 2436 Forte
249 2397 298 2434 sua
316 2380 424 2452 Libyeis
441 2383 591 2450 tempestas
610 2380 717 2448 adpulit
735 2382 796 2436 oris.

145 2459 211 2513 Sum
229 2459 290 2529 pius
309 2460 426 2524 Aeneas,
445 2461 539 2526 raptos
557 2458 605 2526 qui
623 2475 657 2512 ex
675 2458 754 2512 hoste
775 2459 887 2514 Penatis

146 2536 238 2590 Classe
257 2535 324 2589 veho
342 2552 456 2601 meeum,
474 2535 547 2588 fama
565 2551 647 2604 super
665 2534 780 2590 aethera
797 2542 884 2592 notus.

148 2613 255 2667 ltaliam
274 2630 376 2682 quaero
394 2611 511 2680 patriam
530 2615 559 2666 et
577 2629 663 2678 genus
680 2611 715 2665 ab
735 2612 800 2666 love
819 2631 930 2668 summo.
961 2630 998 2668 seo

147 2690 194 2743 Bis
212 2689 289 2742 denis
308 2689 456 2758 Phrygium
474 2687 618 2742 conscendi
636 2688 749 2743 navibus
767 2707 876 2759 aequor,

145 2767 236 2820 Matre
254 2766 306 2822 dea
324 2769 493 2822 monstrante
511 2767 590 2832 viam,
610 2765 675 2821 data
693 2767 750 2819 iata
768 2771 893 2834 sceutns;

146 2843 200 2894 Vix
219 2845 324 2909 septem
343 2841 483 2896 convolsae
501 2842 582 2895 undis
602 2843 730 2910 Euroque
749 2849 902 2912 supersunt.

146 2918 210 2987 Ipse
228 2918 343 2986 ignotus,
362 2934 451 2985 egens,
472 2917 575 2986 Libyae
594 2919 705 2974 deserta
723 2936 847 2988 peragro,

145 2994 254 3061 Europa
266 2997 350 3062 atque
366 2993 433 3048 Asia
450 2993 550 3060 pulsus.
588 2994 613 3046 N
616 3011 646 3048 ee
665 2995 745 3062 plura
763 2999 924 3063 querentem
959 3011 996 3050 asu

146 3069 230 3122 Passa
251 3069 343 3122 Venus
360 3069 450 3122 medio
468 3069 506 3122 sie
525 3071 655 3124 interfata
673 3071 766 3124 dolore
785 3076 840 3126 est:

180 3145 306 3214 Quisquis
325 3162 362 3210 es,
379 3145 461 3208 haud,
483 3147 573 3212 eredo,
592 3146 694 3201 invisus
712 3147 876 3201 caelestibus
894 3164 975 3205 auras

148 3221 246 3339 Vitalsis
262 3222 358 3295 carpis,
378 3221 485 3292 Tyriam
503 3222 550 3294 qui
568 3222 712 3279 adveneris
730 3222 834 3282 urbem.
