2290 3568
124 116 171 162 202
357 113 385 160 Ρ.
406 111 558 160 visuum
576 111 742 158 MARONIS

119 193 280 247 Ceneretmn
300 193 400 246 exemit
418 191 515 257 labeni,
534 208 689 260 purumque
707 190 839 258 relinquit

120 269 281 323 Aetlieriurn
300 286 408 322 sensum
427 276 510 336 atque
529 268 604 320 aurai
624 267 752 336 simplicis
770 268 872 335 ignem.

120 347 179 400 Has
197 347 291 412 omnis
310 345 356 398 ubi
375 345 448 398 mille
467 351 556 398 rotam
575 345 685 398 volvere
703 362 754 414 per
772 360 865 412 annos,

119 423 269 476 Lethaeum
288 423 323 474 ad
342 421 453 474 fluvium
471 422 541 475 deus
558 425 653 476 evocat
672 422 780 490 agmine
798 436 908 488 magno,

118 500 228 553 Scilicet
243 500 406 552 inmemores
425 516 526 567 supera
541 504 576 552 ut
592 515 713 551 convexa
731 499 852 551 revisant
939 511 976 552 rte

119 575 224 629 Rursus
241 580 270 628 et
288 576 418 643 incipiant
437 576 465 628 in
483 592 596 644 corpora
615 576 684 628 velle
702 576 811 629 reverti.

152 653 268 706 Dixerat
288 652 427 718 Anchises
447 657 598 721 natumque
617 669 726 720 unaque
745 651 875 720 Sibyllam

118 728 274 783 Conventus
293 728 378 782 traliit
396 729 424 781 in
444 729 548 782 medios
566 729 731 797 turbamque
750 733 901 796 sonantem,

119 806 154 858 llt
172 806 308 859 tumulum
327 806 407 874 capit,
427 805 500 859 uude
519 806 608 859 omnis
623 806 703 873 longo
723 805 818 858 ordine
836 805 921 874 pessit

119 882 257 936 Adversus
276 883 376 951 legere,
393 887 422 936 et
440 883 595 936 uenientum
614 882 720 935 diseero
738 881 836 935 voltus.
938 894 976 934 feu

151 959 176 1010 N
180 976 231 1012 une
250 976 307 1026 agre,
328 959 492 1012 Dardaniam
511 959 615 1028 prolem
633 975 703 1025 quae
721 957 820 1010 deinde
843 962 975 1025 sequatur

118 1034 219 1102 Gloria,
238 1036 284 1103 qui
304 1042 433 1089 umnemrt
451 1036 521 1088 Itala
540 1035 574 1088 de
593 1039 675 1102 gente
693 1038 815 1102 nepotes,

119 1112 248 1165 inlustris
265 1113 371 1164 animas
385 1125 562 1178 nostrumque
580 1112 607 1163 in
626 1127 723 1186 nornen
741 1110 834 1177 ituras

119 1188 270 1257 llxpediam
288 1189 377 1251 dietis,
396 1193 425 1241 et
443 1193 472 1240 te
490 1193 538 1241 tua
555 1188 613 1240 fata
631 1187 741 1240 docebo

119 1265 177 1329 llle,
196 1264 280 1329 siries,
299 1281 369 1332 pura
387 1264 493 1316 iuvenis
509 1264 556 1332 qui
574 1264 670 1317 nititur
688 1264 776 1322 hasta,
936 1275 975 1316 ree

121 1340 257 1393 Proxuma.
273 1345 347 1392 sorte
365 1344 443 1392 tenet
460 1340 527 1392 lueis
545 1340 610 1406 loca,
630 1341 732 1408 primus
751 1340 786 1392 ad
804 1357 887 1392 auras

120 1415 268 1468 Aetherias
287 1416 358 1468 Italo
376 1416 539 1469 commixtus
558 1417 688 1484 sauguine
707 1420 813 1484 surget,

118 1492 226 1558 Silvine,
245 1491 383 1544 nlbmnnn
400 1509 507 1558 nemen,
526 1497 575 1546 tua
591 1497 720 1561 postuma
735 1491 834 1561 proles,

119 1567 205 1631 Quem
224 1569 277 1622 ubi
295 1569 428 1636 longaevo
446 1587 539 1622 serum
558 1570 672 1623 liauinia
687 1571 804 1624 coniunx

119 1644 226 1699 lldueet
244 1645 319 1698 silvis
337 1663 429 1714 regem
449 1663 599 1714 regumque
617 1651 766 1714 parentem,
936 1658 974 1699 ree

120 1720 200 1775 Unde
217 1739 303 1791 genus
323 1723 418 1790 borma
435 1729 558 1777 metrum
577 1723 763 1776 dominabitur
783 1721 862 1775 Alba

122 1797 271 1852 Proxumus
289 1799 334 1852 ille
354 1800 461 1864 Procas,
481 1800 611 1852 Troianae
629 1799 716 1866 gloria
732 1798 829 1864 gentio,

120 1873 156 1926 llt
174 1875 272 1942 Capye,
289 1879 317 1928 et
336 1875 471 1940 Numitor,
492 1879 521 1928 et
539 1875 586 1942 qui
604 1879 633 1927 te
651 1874 760 1926 nomine
780 1874 881 1930 reddet

119 1949 218 2002 Silvius
236 1953 353 2015 Aeneas,
373 1952 477 2018 pariter
495 1951 599 2019 pietate
617 1950 659 2003 vel
677 1951 763 2002 aruris

120 2026 260 2092 Egregius
273 2027 295 2079 si
307 2043 435 2094 umquam
449 2026 616 2094 regnandam
629 2026 765 2095 acceperit
780 2025 886 2080 Albam.
937 2043 976 2082 ue

119 2101 170 2164 Qui
188 2103 311 2156 iuvenes!
332 2107 448 2170 quantas
467 2107 614 2172 ostentant,
633 2104 732 2172 aspice,
750 2102 821 2168 viris,

120 2179 215 2248 Atque
232 2179 359 2233 umbrato
375 2185 475 2248 gerunt
492 2181 562 2236 civili
581 2184 704 2250 tempora
722 2182 840 2247 quercu!

61 2291 63 2298 ,
120 2255 157 2307 lli
176 2256 226 2309 tibi
245 2256 413 2311 Nomentum
430 2262 459 2310 et
478 2259 578 2311 Gabios
597 2257 748 2324 urbemque
767 2253 909 2318 Fidenam,

122 2331 157 2384 lli
177 2333 327 2386 Collatinas
342 2335 473 2402 inponent
489 2335 625 2388 mentibus
644 2349 727 2394 arceo,

123 2409 257 2461 Pometios
276 2409 458 2475 Castrumque
479 2410 540 2462 Inui
561 2409 710 2476 Bolamque
730 2407 891 2472 Coramque.
935 2420 974 2462 775

122 2485 196 2536 llaec
208 2487 268 2536 tum
280 2484 389 2536 nomina
402 2489 491 2550 erunt,
505 2501 574 2538 nune
588 2487 651 2537 sunt
664 2483 722 2536 sine
735 2481 842 2534 nornine
855 2485 955 2537 terrae.

121 2561 190 2625 Quin
209 2563 237 2612 et
255 2576 305 2612 avo
324 2560 450 2612 conritern
470 2577 529 2614 sese
550 2559 702 2612 Mavortius
718 2557 805 2611 addet
831 2557 836 2570 ¹

122 2635 257 2700 ltomulus,
279 2635 404 2688 Assmuei
423 2653 505 2705 quem
523 2636 662 2704 sanguinis
681 2634 733 2688 Ilia
752 2638 839 2700 mater

120 2711 232 2764 Educet.
270 2711 567 2780 Videri’‚rrtge11iirroe
586 2715 661 2765 stant
679 2711 779 2766 vertice
798 2711 903 2778 cristae,

120 2789 156 2842 ut
173 2791 252 2856 pater
270 2786 329 2855 ipse
348 2803 396 2841 suo
415 2807 540 2859 superum
561 2789 613 2842 iam
632 2789 721 2857 signat
739 2787 856 2843 henore'l
936 2803 975 2845 ree

122 2865 168 2930 llo,
186 2863 275 2927 buius,
293 2868 364 2929 nate,
383 2867 509 2936 auspiciis
528 2867 573 2920 illa
591 2866 692 2920 incluta
712 2865 799 2918 Roma

121 2941 260 3009 inperium
279 2941 368 3006 terris,
387 2944 491 2996 animos
509 2943 637 3011 aequabit
657 2941 778 3011 Olympo,

120 3019 287 3086 Septemque
306 3033 359 3072 una
378 3020 428 3073 sibi
447 3037 524 3074 muro
542 3019 723 3075 circumdabit
740 3034 824 3082 arces

121 3095 197 3149 Felix
216 3093 292 3164 prole
311 3097 412 3151 virum:
431 3098 519 3166 qualis
539 3098 700 3168 Berecyntia
717 3098 807 3150 mater

123 3172 265 3225 Invehitur
282 3187 363 3228 curru
386 3174 516 3245 Phrygias
534 3176 635 3232 turrita
652 3190 702 3246 per
719 3171 810 3240 urbes,
937 3187 975 3230 ree
