2278 3568
122 143 168 190 118
362 145 392 193 P.
411 142 566 196 VERGILI
584 145 716 196 MAltON
719 147 752 196 IS

121 222 225 277 Emere
242 225 376 293 agricolae
393 227 519 280 certatim
528 247 534 292 ;
552 227 598 280 illa
615 244 703 296 usque
720 230 840 283 minatur

121 299 156 354 Iit
174 301 336 356 tremefacta
354 319 458 356 comam
476 320 605 358 concusso
623 306 726 358 vertice
743 309 832 374 nutat,
878 366 881 372 ,

121 377 286 432 Vulneribus
304 379 390 433 donee
407 380 539 453 paulatim
554 382 646 434 evicta
664 398 821 450 supremum
945 387 977 427 ⁶³⁶

120 453 281 522 Congemuit
299 456 441 525 traxitque
458 457 530 524 iugis
548 457 639 510 avolsa
657 458 769 511 ruinam

120 530 269 599 Descende,
288 549 320 586 ac
338 532 456 586 ducente
474 533 526 586 deo
544 533 680 586 flammam
698 533 772 587 inter
791 537 821 588 et
837 535 936 600 hostis¹

120 609 272 676 Expedior;
290 609 358 662 dant
375 610 433 662 tela
450 610 547 676 locum,
566 610 747 679 flammaeque
764 611 907 665 recedunt.

154 687 249 754 Atque
267 685 314 740 ubi
332 686 386 739 iam
404 687 511 754 patriae
528 690 689 755 perventum
708 686 744 739 ad
761 686 855 740 limina
874 687 948 741 sedis

121 763 312 831 Antiquasque
324 763 427 829 domos,
439 764 555 832 genitor,
568 780 651 832 quem
663 763 761 818 tollere
771 763 799 817 in
811 764 882 818 altos
930 763 977 818 'aaa

119 839 255 906 Optabam
273 839 392 908 primum
410 841 511 894 montis
529 841 702 910 primumque
719 839 857 910 petebam,

119 915 248 984 Abnegat
266 917 357 970 excisa
374 918 458 970 vitam
477 917 628 986 producere
647 917 726 970 Troia
860 908 864 917 '

119 993 306 1062 Exsiliumque
325 995 389 1062 pati.
424 994 484 1047 ‘Vos
503 1011 526 1060 o,
546 994 645 1062 quibus
662 995 771 1062 integer
788 993 854 1048 acvi'

119 1069 239 1138 Sanguis,
258 1071 304 1136 ait,
324 1071 481 1140 solidaeque
500 1087 548 1122 suo
566 1074 641 1124 stant
659 1069 757 1124 robore
774 1069 853 1138 vires,

118 1146 176 1199 Vos
194 1147 296 1214 agitate
315 1147 416 1214 lugam.
938 1161 975 1200 oto

118 1221 165 1276 Me
183 1223 206 1275 si
224 1222 365 1275 caelicolae
383 1223 533 1275 voluissent
552 1223 652 1276 ducere
670 1223 761 1289 vitam,

119 1299 178 1352 Has
196 1299 261 1351 mihi
281 1303 435 1352 servassent
454 1298 540 1351 sedes.
577 1298 651 1351 Satis
668 1315 723 1351 una
741 1315 879 1366 superque

118 1374 243 1428 Vidimus
262 1373 382 1426 exscidia
399 1377 429 1427 et
446 1377 542 1442 captae
561 1375 746 1440 superavimus
764 1375 832 1427 urbi.

118 1451 162 1505 Sic
180 1468 203 1518 0,
222 1451 260 1503 sic
278 1449 398 1518 positum
416 1449 502 1502 adlati
521 1449 653 1502 discedite
671 1466 775 1518 eorpus.

118 1529 182 1596 lpse
200 1543 282 1580 manu
300 1530 417 1579 mortem
434 1525 586 1589 inveniann
604 1526 780 1579 miserebitur
798 1526 884 1581 hostis
937 1543 974 1583 eso

117 1605 289 1674 Exuviasque
306 1607 400 1672 potet;
418 1603 504 1657 facilis
521 1604 626 1656 iactura
645 1603 787 1672 sepulchri.

118 1681 178 1735 lam
195 1680 302 1751 pridem
321 1681 424 1734 invisus
442 1680 512 1734 divis
530 1684 559 1733 et
578 1679 682 1733 inutilis
700 1696 785 1733 annos

118 1759 258 1825 Demeror,
277 1775 309 1812 ex
330 1775 384 1826 quo
401 1774 445 1810 me
464 1757 553 1809 divom
572 1759 652 1824 pater
668 1759 752 1824 atque
768 1757 908 1810 hominum
924 1774 973 1811 rex

118 1835 250 1888 Fulminis
268 1834 379 1887 adflavit
397 1833 485 1887 ventis
504 1837 532 1886 et
551 1833 666 1900 contigit
684 1833 747 1900 igni.

151 1911 227 1964 'l'alia
244 1911 386 1978 perstabat
403 1926 562 1977 memorans,
581 1909 705 1978 fixusque
723 1911 859 1964 manebat.
938 1923 974 1962 eso

118 1987 142 2040 N
145 2003 175 2041 os
193 1994 287 2041 eontra
306 1987 382 2040 effusi
400 1985 519 2039 lacrimis
537 1985 709 2054 coniunxque
728 1987 830 2040 Creusa

119 2065 306 2132 Ascaniusque
325 2064 465 2131 omnisque
483 2063 588 2129 donrus,
607 2079 641 2116 ne
659 2068 767 2116 vertere
786 2073 877 2116 secum

118 2142 222 2196 Cuncta
239 2145 319 2210 pater
337 2141 448 2209 latoque
466 2141 594 2208 urguenti
612 2139 769 2194 incumbere
787 2139 877 2194 vellet.

119 2217 255 2286 Abnegat,
273 2218 435 2287 inceptoque
453 2221 482 2271 et
501 2217 611 2271 sedibus
628 2217 725 2270 haeret
743 2217 771 2269 in
788 2215 882 2270 isdem.

119 2295 223 2348 ltursus
235 2295 262 2346 in
276 2311 351 2348 amna
362 2295 440 2360 feror,
453 2299 626 2363 mortemque
638 2294 806 2346 miserrimus
818 2297 889 2360 opto,
910 2345 913 2355 ,
937 2307 974 2346 eoa

118 2373 189 2425 Nam
208 2371 281 2440 quod
300 2372 439 2425 eonsilium
458 2375 506 2424 aut
525 2387 596 2438 quae
613 2371 667 2422 iam
685 2370 795 2422 fortuna
813 2368 946 2434 dabaturl

119 2449 200 2502 lllenc
218 2449 315 2502 efferre
332 2448 438 2518 pedem,
457 2447 572 2515 genitor,
591 2451 620 2500 te
637 2463 717 2515 posse
735 2445 831 2498 relicto

118 2526 248 2595 sperasti,
267 2529 430 2594 tantumque
447 2523 524 2577 netas
541 2523 631 2590 patrio
650 2521 752 2575 excidit
770 2521 834 2574 orel

119 2603 146 2656 si
164 2602 229 2655 nihil
248 2619 281 2654 ex
300 2604 379 2655 tanta
397 2599 509 2669 Superis
527 2599 617 2667 placet
634 2597 703 2650 urbe
721 2597 845 2665 relinqui,

119 2679 155 2732 Et
173 2679 252 2732 sedet
269 2678 320 2731 hoc
338 2677 436 2743 animo,
454 2677 648 2744 perituraeque
667 2673 770 2728 addere
789 2673 885 2726 Troiae
938 2687 974 2725 ooo

119 2755 211 2824 Teque
229 2759 345 2823 tuosque
362 2755 444 2820 iuvat,
463 2756 541 2820 patet
558 2751 604 2804 isti
622 2751 703 2804 ianua
720 2749 783 2816 lete,

120 2831 234 2900 lamque
252 2831 342 2884 aderit
359 2830 446 2884 multo
466 2828 566 2881 Priami
586 2827 620 2880 dc
639 2826 769 2894 sanguine
788 2825 915 2894 Pyrrhus,

120 2908 239 2962 Gnatum
252 2911 316 2960 ante
328 2924 376 2961 ora
389 2907 483 2975 patris,
496 2909 602 2973 patrem
616 2903 662 2972 qui
675 2903 821 2956 obtruncat
832 2901 867 2954 ad
880 2918 947 2954 aras.

122 2985 181 3038 Hoc
199 2987 265 3047 erat,
283 2983 355 3036 alma
372 2999 477 3050 pareus,
497 2980 571 3050 quod
589 2997 632 3034 me
649 2997 701 3049 per
718 2979 782 3046 tela,
800 2994 851 3046 per
868 2977 939 3044 ignis

120 3061 216 3129 Eripis,
234 3065 265 3113 ut
283 3059 382 3128 mediis¹
398 3059 504 3112 hostem
523 3058 550 3110 in
567 3056 761 3126 penetralibus,
778 3058 864 3121 utque
938 3065 974 3104 ons

120 3138 266 3192 Ascanium
284 3141 446 3205 patremque
464 3151 554 3188 meum
573 3133 704 3202 iuxtaque
722 3131 852 3185 Creusam

120 3213 248 3268 Alterum
266 3212 294 3265 in
312 3212 425 3266 alterius
443 3213 577 3265 mactatos
595 3209 726 3278 sanguine
743 3204 869 3261 cernaml
