2268 3570
158 160 204 206 300
387 154 415 202 P.
435 153 588 201 VERGILI
607 152 772 200 MARONIS

158 235 314 300 Quaerendi
331 235 424 300 nobis;
447 235 625 288 circumstant
643 234 764 302 undique
782 250 880 288 muros.

158 313 234 366 lmus
252 313 280 365 in
299 312 442 365 adversos!
469 311 536 378 quid
554 312 660 364 cessasl
685 327 720 363 an
738 309 789 363 tibi
808 310 919 363 Mavors

157 386 280 440 Ventosa
299 388 327 440 in
346 387 439 454 lingua
457 386 629 455 pedibusque
649 386 791 454 fugacibus
810 386 870 439 istis
971 389 1007 430 11

157 464 270 532 Semper
290 464 361 518 criti

158 540 255 592 Pulsus
275 542 343 607 egoi
368 544 417 593 aut
436 541 581 608 quisquam
601 539 708 606 merito,
722 539 886 607 foedissime,
901 539 1010 606 pulsum

159 619 273 686 Arguet,
291 617 373 669 Iliaco
394 617 530 670 tumidum
549 617 596 684 qui
616 631 738 668 crescere
757 616 886 684 Thybrim

157 693 293 760 Sanguine
313 696 341 746 et
361 692 483 745 Euandri
502 696 589 746 totam
608 710 669 746 cum
688 692 774 760 stirpe
792 691 897 746 ridebit

158 767 337 822 Procubuisse
357 769 475 836 domum,
493 773 576 836 atque
595 772 692 823 exutos
712 767 836 822 Arcadas
854 767 955 822 armisl
974 782 1011 820 aaa

158 843 242 898 Haud
259 846 299 899 ita
317 862 361 898 me
380 845 487 914 experti
506 845 594 898 Bitias
613 849 641 899 et
660 845 802 898 Pandarus
820 845 922 912 ingens,

158 920 193 972 Et
214 937 282 990 quos
300 921 375 974 mille
394 921 439 973 die
457 921 544 974 victor
563 921 613 973 sub
632 921 746 974 Tartara
764 920 825 973 misi

158 995 282 1049 inclusus
302 997 388 1049 muris
407 996 553 1064 hostilique
572 1014 672 1065 aggero
691 1001 809 1066 saeptus.

157 1072 260 1125 “Nulla
281 1073 353 1125 salus
371 1072 465 1125 bello.''
503 1073 593 1140 Capiti
611 1090 678 1126 cane
696 1073 767 1136 talia
785 1072 905 1139 demens,

158 1148 296 1200 Dardanio
315 1149 453 1217 rebusque
471 1149 533 1202 tuis.
571 1148 690 1202 Proinde
708 1149 799 1202 onmia
817 1163 915 1214 magno
973 1154 1011 1195 4⁰⁰

157 1224 199 1277 Ne
218 1242 293 1278 cessa
312 1226 425 1279 turbare
444 1230 528 1293 metu,
547 1229 631 1294 atque
650 1225 781 1278 extollere
801 1225 864 1277 viris

157 1300 252 1354 Gentis
270 1301 313 1355 bis
331 1303 424 1369 victae,
444 1306 539 1354 contra
557 1318 680 1368 premere
698 1318 773 1354 arma
792 1299 891 1353 Latini.

157 1377 182 1429 N
185 1394 236 1430 unc
244 1383 273 1430 et
281 1378 484 1446 Myrmidonum
491 1394 620 1445 proceres
629 1377 746 1446 Phrygia
754 1394 831 1430 arma
839 1378 1009 1431 tremescunt

157 1453 235 1507 Nunc
253 1457 282 1506 et
301 1453 418 1521 Tydides
436 1457 465 1506 et
484 1453 642 1506 Larissaeus
662 1454 789 1520 Achilles,

158 1530 255 1583 Amnis
273 1534 302 1584 et
323 1530 475 1584 Hadriacas
494 1533 568 1583 retro
586 1529 658 1597 fugit
676 1530 793 1584 Aufidus
809 1529 903 1582 undas.
974 1540 1011 1579 sos

157 1605 209 1659 Vel
229 1624 289 1660 cum
308 1624 337 1660 se
355 1606 485 1675 pavidum
504 1610 599 1660 contra
617 1623 678 1660 mea
696 1605 785 1674 iurgia
803 1605 882 1673 lingit

158 1682 280 1736 Artificis
299 1684 394 1751 scelus,
413 1686 442 1736 11
460 1682 605 1736 formidine
623 1683 725 1736 crimen
742 1681 859 1735 acerbat.

157 1758 313 1826 Numquam
326 1759 443 1812 animam
456 1758 539 1810 talem
553 1758 653 1811 dextra
664 1757 853 1811 hac-absiste
865 1755 1009 1809 moveri-

158 1835 293 1900 Amittes3
312 1835 420 1888 habitet
439 1838 535 1900 tecum,
556 1839 585 1888 ct
603 1835 640 1888 sit
657 1839 768 1903 pectore
786 1835 815 1887 in
832 1835 893 1888 isto.

156 1910 182 1962 N
184 1927 236 1963 unc
249 1910 285 1963 ad
297 1914 333 1977 te,
347 1914 376 1964 et
388 1913 437 1964 tua
450 1927 553 1978 magna,
566 1915 653 1978 pater,
666 1909 790 1963 consulta
802 1913 931 1978 revertor.
972 1923 1009 1962 410

156 1985 184 2038 si
203 1986 304 2039 nullam
323 1985 424 2038 nostris
442 1986 516 2038 ultra
534 2002 610 2053 spem
628 1985 707 2054 ponis
724 1985 752 2038 in
770 1986 859 2051 armis,

156 2061 183 2114 si
202 2065 260 2114 tam
279 2061 382 2114 deserti
403 2079 503 2129 sumus,
522 2065 551 2115 et
569 2061 652 2115 semel
671 2061 778 2130 agmine
796 2078 873 2114 verso

157 2136 295 2189 Funditus
316 2137 471 2204 occidimus,
490 2155 580 2206 neque
597 2137 680 2192 habet
699 2138 819 2192 Fortuna
838 2155 999 2206 regressum,

157 2211 272 2266 Oremus
290 2230 393 2282 pacem,
412 2216 441 2267 et
460 2214 572 2267 dextras
590 2215 735 2268 tendamus
753 2215 869 2268 inermis.

157 2287 327 2356 Quamquam
345 2306 361 2342 o
380 2289 403 2342 si
422 2290 518 2342 solitae
537 2291 682 2358 quicquam
701 2291 811 2344 virtutis
829 2293 952 2344 adesset!
972 2306 1008 2345 aa

158 2364 208 2417 llle
226 2364 291 2417 mihi
311 2368 375 2418 ante
393 2365 459 2417 alios
477 2364 687 2434 fortunatusque
706 2367 828 2420 laborum

158 2440 344 2507 Egregiusque
363 2440 452 2506 animi,
472 2440 526 2508 qui,
544 2458 579 2494 ne
598 2441 665 2508 quid
683 2443 738 2494 tale
756 2442 869 2511 videret,

158 2515 307 2568 Procubuit
326 2515 452 2582 moriens,
472 2519 500 2568 et
518 2516 630 2569 humum
649 2517 732 2570 semel
751 2533 797 2572 ore
815 2519 969 2574 momordit.

156 2591 204 2644 Sin
223 2595 252 2645 et
270 2608 335 2660 opes
353 2591 431 2644 nobis
450 2595 478 2645 et
496 2591 584 2644 adhuc
602 2592 705 2646 intacta
723 2593 856 2662 iuventus,
1009 2592 1015 2604 '

158 2667 323 2735 Auxilioque
341 2667 424 2720 urbes
444 2667 532 2720 Italae
549 2668 697 2736 populique
716 2674 869 2738 supersunt,
972 2659 1015 2724 sao*

157 2743 203 2796 Sin
222 2746 251 2796 11
271 2743 393 2796 Troiams
412 2761 472 2797 cnm
491 2743 578 2798 multo
595 2745 682 2812 gloria
699 2747 773 2800 venit

157 2819 407 2886 Sanguine:-snnt
425 2819 478 2872 illis
497 2837 545 2873 sua
562 2821 665 2890 lunera,
682 2839 786 2891 parque
803 2841 853 2892 per
871 2823 957 2876 omnis

157 2895 316 2963 Tempestas
323 2914 398 2949 --cur
417 2897 558 2950 indecores
576 2898 604 2951 in
621 2898 713 2952 limine
731 2899 819 2968 primo

159 2971 322 3026 Deficimusl
348 2991 395 3026 cnr
414 2976 479 3026 ante
497 2973 592 3028 tubam
610 2979 714 3029 tremor
732 2980 845 3040 occupat
862 2975 954 3028 artusl

158 3047 246 3101 Multa
265 3048 324 3102 dies
341 3052 464 3118 variique
482 3049 559 3104 labor
577 3052 715 3106 mutabilis
733 3051 792 3105 aevi
971 3065 1007 3106 411
1108 3115 1109 3118 ¹

159 3123 279 3177 Rettulit
297 3125 325 3177 in
344 3127 456 3191 melius3
474 3127 574 3180 multos
593 3128 699 3181 alterna
716 3128 836 3181 revisens

159 3197 238 3253 Tausit
255 3204 283 3254 et
301 3201 329 3254 in
348 3203 433 3256 solido
451 3219 545 3257 rursus
565 3203 687 3260 Fortuna
703 3202 816 3257 locavit.
