2266 3562
131 175 162 222 54
365 172 394 224 Ρ.
414 173 568 222 VERGILI
586 174 753 222 MARONIS

132 254 169 307 111
187 253 264 306 labor
282 257 311 307 et
329 253 415 306 durae
434 253 507 322 rapit
525 253 701 314 inelementia
718 254 823 308 mortis.

132 331 245 398 Semper
263 334 351 394 erunt,
371 346 487 398 quarum
506 329 607 382 mutari
627 347 743 400 corpora
762 331 853 384 malis:

131 407 244 474 Semper
262 407 333 458 enim
352 407 441 473 refice,
460 423 498 474 ae,
517 423 552 460 ne
570 410 634 475 post
654 408 753 460 annssa
771 407 904 476 requiras,
969 424 993 464 to

132 484 275 551 Anteveni,
295 486 323 536 et
342 482 463 536 subolem
483 488 607 536 armento
629 485 727 538 sortire
746 486 917 553 quotannis.

166 559 295 613 Necnon
315 563 344 612 et
361 560 453 628 pecori
472 569 515 613 est
534 560 608 613 idern
630 561 754 614 delectus
772 561 878 630 equino.

131 636 172 689 Tu
189 637 278 705 modo,
297 636 411 705 quasin
431 655 506 705 spem
528 641 634 692 statues
654 638 816 692 submittere
834 639 933 707 gentis,

132 715 310 782 Praecipuum
329 715 382 767 iam
402 715 466 768 inde
485 734 502 769 a
521 717 624 768 teneris
642 717 760 784 inpende
779 715 907 768 laborem.

130 791 264 844 Continuo
283 793 388 859 pecoris
407 793 533 860 generosi
552 793 643 862 pullus
662 793 688 845 in
709 794 780 846 arvis
968 806 991 845 11

131 867 222 920 Altius
240 868 402 937 ingreditur,
423 875 452 922 et
471 869 562 922 mollia
582 887 662 924 crura
681 869 804 938 reponit;

131 942 237 997 Primus
255 947 284 997 et
303 945 343 998 ire
361 947 432 999 viam
451 950 479 1000 11
498 945 594 1000 fluvios
613 950 752 1015 temptare
771 943 886 998 minacis

131 1019 225 1072 Audet
243 1025 272 1074 et
290 1021 384 1088 ignoto
404 1041 464 1077 sese
484 1025 657 1078 committere
676 1023 761 1094 ponti,

130 1094 187 1148 Nee
205 1113 286 1149 vanos
306 1098 400 1153 horret
418 1102 559 1170 strepitus.
600 1101 644 1154 1111
664 1100 749 1153 ardua
768 1097 867 1164 cervix,

130 1173 323 1242 Argutumque
342 1181 431 1244 eaput,
450 1177 542 1230 brevis
562 1178 646 1244 alvus,
666 1175 804 1242 obesaque
823 1175 909 1239 tergo,
967 1186 991 1225 1ο

129 1246 315 1317 Luxuriatque
334 1252 402 1305 toris
422 1254 573 1307 animosum
592 1259 696 1323 pectus.
735 1249 854 1303 Honesti

129 1323 258 1390 Spadices
276 1326 427 1418 glaucique‚
448 1329 520 1383 color·
539 1330 587 1383 det
575 1330 704 1383 terrimus
723 1326 791 1380 albis

128 1398 164 1452 111
181 1401 259 1468 gilae
296 1403 373 1472 lum,
392 1405 414 1458 si
434 1423 488 1474 qua
507 1423 602 1459 sonum
621 1405 716 1476 procul
736 1419 812 1456 111111
831 1401 941 1468 dedere,

129 1477 208 1530 Stare
226 1478 284 1532 loco
302 1447 397 1548 nescit,
416 1483 499 1536 micat
518 1483 630 1536 auribus
649 1487 678 1536 et
697 1479 794 1536 tremit
812 1481 896 1544 artus,

129 1551 336 1623 Oollectumquc
354 1557 473 1612 fremens
492 1560 577 1613 volvit
596 1559 647 1612 sub
665 1556 777 1610 naribus
795 1555 894 1622 ignem.
966 1567 991 1604 11

129 1627 219 1684 Densa
236 1632 307 1699 iuba,
327 1638 356 1687 et
376 1634 473 1688 dextro
493 1637 594 1689 iactata
614 1634 752 1688 recumbit
771 1634 798 1684 in
817 1647 907 1695 armo;

130 1707 168 1759 At
187 1707 287 1776 duplex
306 1711 397 1778 agitur
414 1729 463 1780 per
483 1712 589 1765 lumbos
609 1712 704 1780 spina;
724 1713 856 1776 cavatque

127 1781 263 1838 Tellurem
283 1791 312 1840 ct
330 1787 416 1840 solido
435 1790 556 1856 graviter
576 1792 654 1842 sonat
672 1786 776 1855 ungula
793 1799 884 1837 cornu.

127 1858 199 1912 Talis
219 1862 358 1930 Amyclaei
378 1865 498 1918 domitus
520 1865 637 1920 Pollucis
658 1863 771 1917 habenis

128 1935 256 2001 Cyllarus,
275 1943 310 2004 et,
330 1957 446 2007 quorum
467 1941 541 1994 Graii
562 1942 712 1994 meminere
732 1940 837 2007 poetae,
966 1947 990 1986 ae

128 2009 225 2065 Martis
245 2015 308 2101 equi
328 2014 441 2083 biiuges
463 2021 491 2070 ct
509 2017 602 2085 magni
622 2033 719 2070 currus
739 2011 854 2066 Achilli:

127 2086 246 2142 lahs
217 2093 246 2142 e
264 2091 323 2159 ipse
342 2092 434 2146 iubam
454 2093 558 2146 cervice
579 2093 679 2146 effudit
697 2091 797 2159 equina

127 2163 256 2233 Coniugis
274 2167 376 2222 adient
364 2173 395 2222 tu
413 2169 509 2237 pernix
530 2170 579 2224 Sat
567 2173 675 2235 t,urnus
696 2171 726 2221 et
745 2166 784 2218 alt
772 2169 831 2218 tum

127 2237 220 2294 Pelion
239 2242 346 2298 hinnitu
364 2245 471 2313 fugiens
490 2245 605 2315 inplevit
624 2249 711 2298 acuto.

161 2316 243 2372 Hune
262 2337 379 2388 quoque,
397 2321 444 2374 ubi
463 2325 511 2374 aut
499 2321 621 2374 tmorbo
635 2320 752 2388 gravis
746 2317 815 2371 aut
808 2333 862 2370 ram
879 2316 989 2384 segnior

195 2396 271 2448 annis
964 2407 988 2444 11

126 2463 232 2537 Deficit,
251 2471 323 2524 abde
343 2471 431 2536 domo,
449 2487 499 2524 nee
517 2472 593 2540 turpi
612 2472 723 2539 ignosce
742 2473 886 2523 senectae:

127 2544 254 2614 Frigidus
273 2547 300 2599 in
320 2546 457 2600 Venerem
477 2547 575 2615 senior,
594 2547 755 2616 frustraque
772 2545 893 2598 laborem

128 2619 272 2689 Ingratum
292 2622 391 2688 trahit;
410 2626 445 2690 et,
461 2623 483 2676 11
503 2625 612 2692 quando
631 2625 666 2677 ad
685 2623 790 2693 proelia
808 2625 920 2675 rentum
939 2623 988 2689 est,

128 2695 166 2750 Ut
185 2699 322 2766 quondam
341 2700 369 2752 in
388 2699 497 2768 stipulis
516 2717 631 2768 magnus
651 2701 709 2754 sine
730 2699 833 2752 viribus
851 2697 928 2764 ignis,

128 2773 267 2828 Incassum
288 2775 362 2830 furit.
399 2776 472 2844 Ergo
490 2777 594 2829 animos
614 2793 770 2844 aevumque
789 2775 898 2828 notabis
954 2786 989 2824 100

128 2847 277 2921 Praecipue
287 2873 294 2918 ;
312 2852 375 2906 hine
394 2853 460 2906 alias
479 2854 553 2919 artis,
573 2853 736 2921 prolemque
754 2855 907 2920 parentum,

127 2922 164 2979 Et
182 2928 243 2996 quis
262 2929 359 2998 cuique
379 2928 456 2983 dolor
475 2930 554 2996 victe,
574 2946 644 2997 quae
663 2929 750 2996 gloria
768 2928 883 2997 palmae.

126 3000 224 3058 Nonne
243 3006 327 3073 vides,
345 3023 406 3058 cum
425 3005 569 3074 praecipiti
588 3005 738 3058 certamine
758 3019 882 3072 eampum

127 3079 291 3150 Corripuere
309 3086 449 3150 ruuntque
468 3082 546 3133 effusi
565 3098 674 3134 carcere
686 3098 789 3147 currus,

128 3155 196 3209 Cum
215 3174 277 3226 spes
295 3161 419 3211 arrectae
437 3157 574 3222 iuvenum,
594 3157 814 3224 exsultantiaque
832 3153 926 3208 haurit
955 3167 989 3206 111

128 3231 219 3286 Corda
236 3250 321 3302 pavor
337 3232 467 3299 pulsansl
505 3231 549 3284 llli
567 3231 673 3285 instant
691 3231 806 3285 verbere
826 3234 900 3284 torto
