2266 3562
371 141 559 192 BUCOLIGA.
596 141 670 188 ECL.
685 139 764 187 VIII.
965 135 992 186 17

145 227 171 279 A
188 227 217 280 te
235 223 404 293 priucipium,
422 220 473 276 tibi
492 220 607 274 desinet.
644 220 746 288 Accipe
764 218 844 272 iussis

144 301 271 353 Carmina
288 303 384 366 coepta
401 299 463 364 tuis,
482 302 566 364 atque
583 297 728 350 hanesine
746 299 870 364 tempora
892 293 994 347 circum

145 377 223 430 Inter
241 375 359 440 victricis
377 375 508 427 hederam
526 372 576 427 tibi
595 389 707 442 serpere
725 373 825 425 laurus.

180 452 293 520 Frigida
311 451 355 502 vix
373 450 448 504 caclo
466 451 553 503 noctis
571 450 729 504 decesserat
747 448 851 513 umbra,

145 529 213 582 Cum
232 545 276 581 ros
294 528 321 580 in
339 531 435 580 tenera
452 526 543 594 pecori
562 526 733 594 gratissimus
751 524 844 590 herba,
971 537 995 576 lt

146 604 310 658 Incumbeus
329 604 412 657 tereti
433 604 537 656 Damon
557 603 595 655 stc
613 602 703 669 coepit
721 601 814 654 olivae.

179 681 217 734 D.
226 681 352 746 Nascere,
360 695 479 748 praeque
488 678 562 730 diem
570 678 681 732 veniens
691 694 749 745 age,
762 677 876 742 Lucifer,
886 675 996 742 almum,

145 757 274 824 Coniugis
291 757 404 824 indiguo
423 756 506 808 Nisae
524 753 656 822 deceptus
675 771 767 806 amore

146 833 216 886 Dum
235 850 342 902 queror,
362 835 390 886 et
408 832 491 894 divos,
510 847 674 899 quamquam
694 830 731 882 nil
749 829 868 883 testibus
884 827 938 881 illis

146 909 259 975 Proieci,
278 913 402 962 extrema
420 909 537 961 moriens
555 911 648 960 tamen
667 906 800 972 adloquor
818 904 890 958 hora.
972 918 996 955 ao

146 985 240 1054 Incipe
258 985 406 1038 Maenalios
424 1001 537 1049 mecum,
557 999 617 1036 ntea
635 982 709 1047 tibia,
728 999 828 1034 versus.

146 1061 287 1115 Maenalus
304 1065 487 1128 argutumque
505 1076 599 1112 nemus
619 1059 750 1127 pinosque
768 1057 905 1125 loquentis

146 1137 260 1206 Semper
278 1137 379 1201 habot3
396 1152 503 1203 semper
521 1140 661 1203 pastorum
680 1135 726 1188 ille
745 1133 823 1187 audit
841 1149 953 1199 amores,

147 1214 282 1284 Panaque,
301 1214 347 1282 qui
366 1213 469 1281 primus
488 1213 605 1265 calamos
623 1229 675 1264 non
694 1227 790 1280 passus
807 1209 910 1262 inertis.

147 1291 240 1358 Incipe
259 1289 407 1342 Maenalios
426 1306 538 1356 mecum,
557 1304 619 1340 mea
637 1287 712 1354 tibia,
731 1303 834 1340 versus.
972 1299 996 1336 as

146 1367 242 1436 Mopso
262 1367 283 1418 N
288 1367 328 1418 isa
346 1367 444 1418 datur:
464 1364 530 1433 quid
549 1381 602 1418 non
621 1381 762 1432 speremus
780 1363 923 1416 amantesl

148 1444 299 1510 Iungentur
317 1443 370 1494 iam
388 1458 487 1510 grypes
506 1442 591 1510 equis,
609 1457 730 1509 aevoque
749 1441 874 1508 sequenti

147 1520 215 1572 Cum
233 1518 344 1571 canibus
363 1517 452 1570 timidi
473 1519 583 1570 venient
601 1518 637 1570 ad
655 1517 751 1584 pocula
770 1517 904 1573 dammae.

146 1595 250 1663 Mopse,
270 1611 352 1646 novas
370 1593 460 1646 incide
477 1593 566 1646 faces:
586 1593 636 1646 tibi
656 1593 766 1645 ducitur
785 1611 870 1659 uxor;

147 1673 258 1740 Sparge,
270 1672 375 1736 marlia,
389 1687 486 1724 nuces:
505 1669 555 1722 tibi
568 1669 671 1722 deserit
687 1669 826 1737 Hesperus
840 1671 946 1726 Oetam.
972 1689 997 1726 sc

148 1748 241 1816 Incipe
260 1747 408 1800 Maenalios
427 1762 540 1813 mecum,
558 1762 620 1798 mea
638 1746 713 1812 tibia,
734 1763 835 1800 versus.

148 1823 170 1876 Ο
190 1825 272 1892 digno
290 1825 432 1876 coniuncta
450 1823 514 1888 viro,
534 1821 599 1874 dum
619 1821 735 1890 despicis
754 1825 848 1891 omnis,

148 1901 274 1968 Dumque
293 1899 343 1952 tibi
362 1903 404 1952 est
423 1899 485 1952 odi0
504 1916 564 1952 mea
583 1899 674 1952 fistula
693 1898 813 1967 dumque
832 1902 951 1970 capellae

150 1977 349 2044 Hirsutumquc
369 1975 540 2043 supercilium
559 1976 748 2044 promissaque
767 1976 860 2046 barba,

146 2052 206 2105 Nec
223 2069 318 2105 curare
337 2052 418 2104 doum
438 2051 527 2104 credis
546 2051 672 2105 mortalia
690 2059 869 2121 quemquam!
975 2071 998 2111 ss

149 2129 242 2194 Incipe
261 2129 409 2180 Maenalios
429 2144 540 2190 urceum,
559 2145 619 2180 mea
637 2128 712 2194 tibia,
730 2146 830 2183 versus.

149 2203 281 2272 Saepibus
299 2205 326 2256 in
344 2204 443 2257 nostris
462 2219 573 2270 parvam
593 2209 621 2256 te
639 2205 745 2257 roseida
763 2206 865 2259 mala-

150 2280 212 2332 Dux
231 2297 281 2346 ego
299 2285 389 2333 vester
407 2280 571 2332 cmm-vidi
591 2297 651 2333 eum
670 2285 758 2332 matre
776 2282 920 2349 legentem.

150 2355 231 2409 Alter
249 2357 283 2409 ab
300 2357 444 2409 undecimo
463 2365 522 2411 tum
541 2375 584 2410 mo
603 2357 657 2409 iam
676 2363 819 2425 acceperat
837 2377 940 2425 annus;

150 2432 208 2484 lam
227 2432 329 2500 fragilis
347 2437 470 2500 poteram
489 2435 523 2487 ab
542 2439 617 2486 terra
636 2435 791 2501 contingere
810 2453 905 2489 ramos.
974 2454 999 2492 co

149 2508 189 2560 Ut
207 2508 269 2574 vidi,
288 2512 320 2562 ut
338 2508 422 2576 perii!
441 2515 473 2563 ut
491 2527 535 2564 me
554 2509 640 2562 malus
659 2509 773 2564 abstulit
791 2517 884 2566 error!

150 2584 243 2652 Incipe
264 2585 411 2637 Maenalios
429 2603 543 2654 mecum,
561 2602 623 2638 mea
641 2585 715 2651 tibia,
735 2603 835 2640 versus.

150 2661 229 2713 Nunc
247 2661 309 2726 scie,
329 2661 395 2729 quid
415 2664 450 2716 sit
471 2663 575 2726 Amor;
594 2661 670 2715 duris
689 2665 716 2714 in
734 2663 840 2718 cotibus
859 2666 933 2720 illum

150 2739 209 2790 Aut
228 2737 347 2802 Tmaros,
366 2743 414 2791 aut
434 2739 572 2807 Rhodope,
592 2742 639 2792 aut
658 2741 773 2792 extremi
793 2741 980 2806 Garamantes,

149 2812 208 2866 Nec
225 2815 332 2880 generis
351 2817 436 2869 nostri
455 2833 570 2884 puerum
589 2832 637 2868 nec
657 2817 793 2883 sanguinis
812 2817 904 2871 edunt.
974 2834 998 2872 45

151 2889 243 2955 Incipe
263 2889 411 2943 Maenalios
430 2909 542 2955 mecum,
562 2908 623 2943 mea
641 2891 716 2955 tibia,
734 2909 835 2946 versus.

150 2965 252 3018 Saevus
272 2967 358 3018 Amor
376 2967 468 3020 docuit
486 2972 610 3020 natorum
630 2968 760 3035 sanguino
779 2975 895 3024 matrem

150 3041 354 3096 Commaculare
372 3060 481 3108 manus;
500 3043 617 3096 crudelis
635 3047 666 3096 tu
685 3061 800 3112 quoque,
819 3051 923 3112 mater3

150 3117 275 3173 Crudelis
293 3122 381 3171 mater
400 3121 491 3187 inagis,
511 3138 544 3172 au
563 3136 630 3186 puer
647 3121 778 3188 inprobus
796 3121 861 3175 illel

151 3194 288 3265 Inprobus
305 3193 351 3248 ille
369 3211 451 3261 puer,
469 3195 587 3249 crudelis
605 3200 636 3248 tu
655 3205 771 3264 quoque,
789 3200 887 3252 mater.
974 3215 999 3253 ec
