2290 3568
24 199 29 210 .
114 146 161 192 188
345 143 375 192 P.
394 143 548 191 VERGILI
567 142 734 192 MARONIS

115 223 179 277 Heu
196 225 308 276 nimium
328 223 363 276 de
380 227 409 276 te
428 226 511 288 vates,
531 223 643 288 Miseno,
662 224 753 278 locuta
771 227 822 278 est,

116 300 170 353 Vix
188 317 221 353 ea
238 301 311 354 fatus
329 303 396 366 erat,
414 299 537 366 geminae
555 315 615 351 erun
633 300 705 353 forte
723 299 864 355 columbae
934 312 975 356 loo·

116 377 180 445 Ipsa
198 376 248 430 sub
266 394 315 430 ora
332 377 383 428 viri
401 375 475 428 caelo
494 392 592 428 venere
610 375 740 444 volantes,

116 453 251 506 novissi
270 453 366 506 sedere
384 452 448 505 solo.
484 452 552 504 Tum
570 468 713 506 maxumus
731 453 812 507 heros

116 529 257 583 Maternae
275 529 418 596 adgnoscit
436 545 507 596 avos,
527 529 670 597 laetusque
689 534 830 597 precatur:

117 605 182 659 Esto
200 605 290 672 duces,
310 621 334 673 o,
352 605 375 657 si
393 622 448 673 qua
466 605 510 658 via
528 609 577 670 est,
595 621 757 674 cursumque
774 623 825 675 per
843 623 924 660 auras

116 682 234 749 Dirigito
252 683 280 734 in
297 680 379 748 lucos,
397 681 446 733 ubi
465 682 593 749 pinguem
612 682 689 735 dives
707 685 827 751 opacat·
932 699 969 740 195

117 757 218 812 Romus
236 759 354 810 humum.
393 758 495 826 Tuque,
513 776 537 823 o,
555 758 645 810 dubiis
663 776 697 812 ne
716 759 803 812 defice
821 759 911 827 rebus,

117 833 185 888 Diva
202 851 307 904 parens.
346 834 389 888 sic
407 835 504 888 effatus
522 834 638 902 vestigia
655 836 762 904 pressit,

116 910 277 979 Observans,
296 928 366 980 quae
385 911 461 979 signa
479 911 576 976 ferant,
596 929 649 978 quo
666 912 781 966 tendere
799 916 922 978 pergant.

117 987 262 1042 Pascentes
281 987 343 1041 illae
362 991 467 1042 tantum
487 988 598 1056 prodire
618 989 738 1056 rolando,

116 1063 253 1127 Quantum
272 1065 329 1117 acie
348 1068 460 1132 possent
478 1064 547 1117 oculi
567 1081 675 1116 servaro
693 1067 862 1133 sequentum.
932 1077 967 1118 roo

117 1139 186 1193 Inde
203 1141 251 1193 ubi
269 1157 366 1193 venero
387 1140 422 1192 ad
440 1141 531 1192 fauces
549 1141 733 1207 graveolentis
753 1141 863 1204 Averni,

115 1215 224 1269 Tollunt
242 1233 270 1268 se
289 1217 399 1281 celeres,
418 1216 606 1284 liquidumque
624 1233 674 1284 per
691 1233 755 1270 aera
772 1217 864 1285 lapsae

115 1291 232 1345 Sedibus
250 1292 350 1359 optatis
368 1291 492 1358 geminae
512 1308 594 1358 super
612 1291 709 1345 arbore
727 1292 828 1356 sidunt,

116 1367 239 1421 Discolor
256 1367 329 1420 unde
348 1367 405 1419 auri
424 1383 474 1435 per
492 1384 581 1420 ramos
601 1385 666 1420 aura
684 1368 798 1421 refulsit.

116 1444 200 1508 Quale
218 1443 287 1497 solet
306 1443 378 1495 silvis
397 1442 515 1496 brumali
533 1443 637 1512 frigore
655 1444 757 1497 viseum
931 1458 967 1497 ror

116 1520 224 1574 Fronde
241 1521 330 1574 virere
349 1536 424 1586 nova,
443 1520 518 1588 quod
535 1537 589 1574 non
609 1537 658 1574 sua
676 1521 792 1574 seminat
809 1520 897 1588 arbos,

116 1598 152 1650 Et
169 1614 263 1651 croceo
281 1598 340 1651 fetu
358 1598 456 1651 teretis
474 1597 643 1652 circumdare
662 1603 786 1652 truncos:

115 1674 186 1728 Talis
205 1677 264 1728 erat
283 1675 387 1743 species
406 1674 466 1727 auri
485 1675 638 1728 frondentis
656 1691 741 1742 opaca

118 1751 190 1819 llice,
207 1752 245 1804 sio
263 1751 316 1804 leni
335 1751 489 1819 crepitabat
507 1751 618 1804 bractea
636 1754 725 1804 vento.

115 1828 235 1896 Corripit
254 1829 363 1880 Aeneas
382 1827 520 1894 extemplo
539 1827 688 1894 avidusque
707 1826 834 1893 refringit
932 1838 968 1877 21⁰

115 1904 301 1970 Cunctantem,
320 1908 349 1956 et
367 1903 436 1955 ratis
455 1907 548 1969 portat
567 1903 618 1954 sub
637 1906 710 1956 tecta
728 1902 853 1969 Sibyllae.

150 1981 174 2032 N
178 1997 207 2033 ec
226 1979 315 2032 minus
333 1980 439 2031 interca
458 1979 594 2031 Misenum
612 1979 641 2030 in
659 1978 739 2031 litore
758 1977 852 2030 Teucri

116 2056 239 2123 Flebant,
258 2059 287 2108 et
305 2055 389 2109 cineri
407 2055 515 2123 ingrato
534 2071 661 2122 suprema
678 2054 809 2107 ferebant.

116 2132 251 2201 Principio
268 2133 396 2200 pinguem
416 2132 505 2185 taedis
524 2135 553 2184 ot
571 2131 668 2185 robore
688 2135 761 2185 secto

116 2209 259 2278 Ingentem
277 2213 404 2262 struxere
423 2226 524 2278 pyram,
543 2209 586 2262 cui
604 2207 747 2260 frondibus
765 2207 832 2260 atris
934 2219 969 2256 ars

116 2287 248 2340 Intexunt
265 2286 361 2352 latera,
381 2289 409 2338 ot
428 2286 519 2338 foralis
538 2289 601 2338 ante
620 2300 762 2353 cupressos

115 2362 299 2428 Constituunt,
319 2361 504 2428 decorantque
523 2378 605 2427 super
624 2358 791 2426 fulgentibus
809 2360 897 2409 aruris

116 2438 183 2492 Pars
201 2437 303 2491 calidos
321 2437 415 2489 latices
434 2441 463 2489 et
482 2453 550 2488 aona
568 2435 701 2487 undantia
718 2432 832 2484 fla1nn1's

116 2513 280 2583 Expediunt,
300 2528 452 2580 corpusque
471 2512 562 2563 lavant
581 2510 705 2577 frigentis
724 2511 752 2560 et
770 2510 901 2574 unguuut.

117 2591 163 2644 Fit
180 2589 305 2657 gemitus.
343 2588 411 2640 'Puni
431 2587 554 2664 membra
573 2591 633 2640 toro
652 2584 753 2638 delleta
770 2587 915 2650 reponunt,
934 2599 970 2638 aro

117 2667 327 2735 Purpureusque
346 2680 429 2732 super
447 2667 545 2728 vestes,
565 2661 697 2716 velamina
715 2663 787 2726 nota,

116 2742 276 2797 Coniiciunt.
315 2743 382 2794 Pars
401 2740 506 2808 ingenti
524 2739 632 2792 subiere
653 2738 763 2803 feretro,

117 2819 207 2873 Triste
225 2818 414 2884 ministerium,
434 2821 463 2871 et
481 2817 630 2870 subiectam
650 2831 725 2868 more
743 2818 889 2881 parentum

118 2897 216 2950 Aversi
235 2900 349 2949 tenuere
367 2895 461 2948 facem.
500 2894 636 2960 Congesta
654 2892 812 2945 cremantur

117 2973 205 3026 'furca
223 2972 301 3040 dona,
320 2972 411 3038 dapes,
430 2971 490 3024 fu'so
509 2974 631 3022 crateres
649 2967 726 3021 olive.
935 2980 972 3020 ass

118 3049 267 3117 Postquam
285 3047 403 3117 conlapsi
421 3048 525 3101 cineres
544 3050 573 3100 et
591 3045 699 3098 flamma
718 3042 830 3114 quierit,

118 3125 257 3193 Reliquias
274 3127 337 3180 vino
356 3129 385 3180 ot
402 3123 523 3179 bibulam
543 3125 633 3178 lavero
651 3121 777 3186 favillam,

118 3202 241 3271 Ossaque
260 3203 331 3258 lecta
349 3202 416 3257 eodo
435 3202 506 3256 texit
527 3201 682 3268 Corynaeus
700 3214 776 3252 aeno.
