<?xml version="1.0" encoding="UTF-8"?>
<!DOCTYPE html PUBLIC "-//W3C//DTD XHTML 1.0 Transitional//EN"
    "http://www.w3.org/TR/xhtml1/DTD/xhtml1-transitional.dtd">
<html xmlns="http://www.w3.org/1999/xhtml" xml:lang="en" lang="en">
 <head>
  <title>
</title>
<meta http-equiv="Content-Type" content="text/html;charset=utf-8" />
  <meta name='ocr-system' content='tesseract 3.04.00' />
  <meta name='ocr-capabilities' content='ocr_page ocr_carea ocr_par ocr_line ocrx_word'/>
</head>
<body>
  <div class='ocr_page' id='page_1' title='image "./operaexrecensio01virggoog_0185.png"; bbox 0 0 2290 3568; ppageno 0'>
   <div class='ocr_carea' id='block_1_1' title="bbox 114 125 757 201">
    <p class='ocr_par' dir='ltr' id='par_1_1' title="bbox 114 125 757 201">
     <span class='ocr_line' id='line_1_1' title="bbox 114 125 757 201; baseline 0.002 -2"><span class='ocrx_word' id='word_1_1' title='bbox 114 125 117 129; x_wconf 67' lang='grc'>’</span> <span class='ocrx_word' id='word_1_2' title='bbox 144 150 189 201; x_wconf 77' lang='lat' dir='ltr'><strong>aaa</strong></span> <span class='ocrx_word' id='word_1_3' title='bbox 376 149 403 196; x_wconf 81' lang='grc' dir='ltr'><strong>Ρ.</strong></span> <span class='ocrx_word' id='word_1_4' title='bbox 422 148 575 201; x_wconf 76' lang='lat' dir='ltr'><strong>anacim</strong></span> <span class='ocrx_word' id='word_1_5' title='bbox 594 150 757 200; x_wconf 75' lang='lat' dir='ltr'><strong>masonis</strong></span> 
     </span>
    </p>
   </div>
   <div class='ocr_carea' id='block_1_2' title="bbox 130 228 1094 3138">
    <p class='ocr_par' dir='ltr' id='par_1_2' title="bbox 144 228 968 375">
     <span class='ocr_line' id='line_1_2' title="bbox 145 228 968 305; baseline 0.011 -22"><span class='ocrx_word' id='word_1_6' title='bbox 145 229 295 296; x_wconf 72' lang='lat' dir='ltr'>Sideraque</span> <span class='ocrx_word' id='word_1_7' title='bbox 313 245 438 281; x_wconf 79' lang='lat' dir='ltr'>emensae</span> <span class='ocrx_word' id='word_1_8' title='bbox 455 228 576 301; x_wconf 83' lang='lat' dir='ltr'><strong>ferimur,</strong></span> <span class='ocrx_word' id='word_1_9' title='bbox 596 233 662 285; x_wconf 91' lang='lat' dir='ltr'><strong>dum</strong></span> <span class='ocrx_word' id='word_1_10' title='bbox 679 249 730 300; x_wconf 89' lang='lat' dir='ltr'><strong>per</strong></span> <span class='ocrx_word' id='word_1_11' title='bbox 747 250 822 288; x_wconf 89' lang='lat' dir='ltr'><strong>mare</strong></span> <span class='ocrx_word' id='word_1_12' title='bbox 840 253 968 305; x_wconf 85' lang='lat' dir='ltr'><strong>magnum</strong></span> 
     </span>
     <span class='ocr_line' id='line_1_3' title="bbox 144 303 887 375; baseline 0.009 -16"><span class='ocrx_word' id='word_1_13' title='bbox 144 306 254 360; x_wconf 86' lang='lat' dir='ltr'><strong>Italiam</strong></span> <span class='ocrx_word' id='word_1_14' title='bbox 272 303 411 372; x_wconf 83' lang='lat' dir='ltr'><strong>sequimur</strong></span> <span class='ocrx_word' id='word_1_15' title='bbox 428 305 584 375; x_wconf 78' lang='lat' dir='ltr'><strong>fugientem,</strong></span> <span class='ocrx_word' id='word_1_16' title='bbox 603 312 632 362; x_wconf 90' lang='lat' dir='ltr'><strong>et</strong></span> <span class='ocrx_word' id='word_1_17' title='bbox 650 309 783 362; x_wconf 83' lang='lat' dir='ltr'><strong>volvimur</strong></span> <span class='ocrx_word' id='word_1_18' title='bbox 800 313 887 366; x_wconf 91' lang='lat' dir='ltr'><strong>undis.</strong></span> 
     </span>
    </p>

    <p class='ocr_par' dir='ltr' id='par_1_3' title="bbox 144 381 994 527">
     <span class='ocr_line' id='line_1_4' title="bbox 145 381 994 454; baseline 0.012 -19"><span class='ocrx_word' id='word_1_19' title='bbox 145 383 199 435; x_wconf 91' lang='lat' dir='ltr'><strong>Hic</strong></span> <span class='ocrx_word' id='word_1_20' title='bbox 217 381 310 450; x_wconf 82' lang='lat' dir='ltr'><strong>Erycis</strong></span> <span class='ocrx_word' id='word_1_21' title='bbox 328 382 396 435; x_wconf 89' lang='lat' dir='ltr'><strong>fines</strong></span> <span class='ocrx_word' id='word_1_22' title='bbox 413 383 534 450; x_wconf 73' lang='lat' dir='ltr'><strong>fraterni,</strong></span> <span class='ocrx_word' id='word_1_23' title='bbox 552 388 635 452; x_wconf 85' lang='lat' dir='ltr'><strong>atque</strong></span> <span class='ocrx_word' id='word_1_24' title='bbox 652 386 751 454; x_wconf 84' lang='lat' dir='ltr'><strong>hospes</strong></span> <span class='ocrx_word' id='word_1_25' title='bbox 770 388 899 442; x_wconf 88' lang='lat' dir='ltr'><strong>Acestes:</strong></span> <span class='ocrx_word' id='word_1_26' title='bbox 957 405 994 445; x_wconf 75' lang='lat' dir='ltr'><strong>eso</strong></span> 
     </span>
     <span class='ocr_line' id='line_1_5' title="bbox 144 458 950 527; baseline 0.014 -16"><span class='ocrx_word' id='word_1_27' title='bbox 144 459 210 524; x_wconf 80' lang='lat' dir='ltr'><strong>Quis</strong></span> <span class='ocrx_word' id='word_1_28' title='bbox 227 458 354 527; x_wconf 88' lang='lat' dir='ltr'><strong>prohibet</strong></span> <span class='ocrx_word' id='word_1_29' title='bbox 371 475 462 512; x_wconf 89' lang='lat' dir='ltr'><strong>muros</strong></span> <span class='ocrx_word' id='word_1_30' title='bbox 480 460 568 514; x_wconf 83' lang='lat' dir='ltr'><strong>iacere</strong></span> <span class='ocrx_word' id='word_1_31' title='bbox 587 465 615 514; x_wconf 91' lang='lat' dir='ltr'><strong>ct</strong></span> <span class='ocrx_word' id='word_1_32' title='bbox 634 461 700 514; x_wconf 88' lang='lat' dir='ltr'><strong>dare</strong></span> <span class='ocrx_word' id='word_1_33' title='bbox 718 463 821 516; x_wconf 86' lang='lat' dir='ltr'><strong>civibus</strong></span> <span class='ocrx_word' id='word_1_34' title='bbox 837 465 950 522; x_wconf 87' lang='lat' dir='ltr'><strong>nrbeml</strong></span> 
     </span>
    </p>

    <p class='ocr_par' dir='ltr' id='par_1_4' title="bbox 130 535 1094 1374">
     <span class='ocr_line' id='line_1_6' title="bbox 144 535 888 608; baseline 0.009 -21"><span class='ocrx_word' id='word_1_35' title='bbox 144 535 166 587; x_wconf 87' lang='lat' dir='ltr'>O</span> <span class='ocrx_word' id='word_1_36' title='bbox 185 536 275 604; x_wconf 76' lang='lat' dir='ltr'><strong>patria</strong></span> <span class='ocrx_word' id='word_1_37' title='bbox 293 539 321 588; x_wconf 91' lang='lat' dir='ltr'><strong>et</strong></span> <span class='ocrx_word' id='word_1_38' title='bbox 339 536 411 604; x_wconf 90' lang='lat' dir='ltr'><strong>rapti</strong></span> <span class='ocrx_word' id='word_1_39' title='bbox 429 537 594 606; x_wconf 88' lang='lat' dir='ltr'><strong>nequiquam</strong></span> <span class='ocrx_word' id='word_1_40' title='bbox 613 555 647 590; x_wconf 80' lang='lat' dir='ltr'><strong>ex</strong></span> <span class='ocrx_word' id='word_1_41' title='bbox 665 538 743 591; x_wconf 88' lang='lat' dir='ltr'><strong>hoste</strong></span> <span class='ocrx_word' id='word_1_42' title='bbox 763 539 888 608; x_wconf 82' lang='lat' dir='ltr'><strong>Penates,</strong></span> 
     </span>
     <span class='ocr_line' id='line_1_7' title="bbox 143 612 882 685; baseline 0.007 -21"><span class='ocrx_word' id='word_1_43' title='bbox 143 612 259 666; x_wconf 80' lang='lat' dir='ltr'><strong>Nullane</strong></span> <span class='ocrx_word' id='word_1_44' title='bbox 276 613 330 665; x_wconf 92' lang='lat' dir='ltr'><strong>iam</strong></span> <span class='ocrx_word' id='word_1_45' title='bbox 349 612 445 664; x_wconf 79' lang='lat' dir='ltr'><strong>Troiae</strong></span> <span class='ocrx_word' id='word_1_46' title='bbox 464 612 590 667; x_wconf 87' lang='lat' dir='ltr'><strong>dicentur</strong></span> <span class='ocrx_word' id='word_1_47' title='bbox 608 615 730 668; x_wconf 87' lang='lat' dir='ltr'><strong>moenial</strong></span> <span class='ocrx_word' id='word_1_48' title='bbox 747 633 882 685; x_wconf 82' lang='lat' dir='ltr'><strong>nusquam</strong></span> 
     </span>
     <span class='ocr_line' id='line_1_8' title="bbox 143 685 915 758; baseline 0.006 -16"><span class='ocrx_word' id='word_1_49' title='bbox 143 689 295 742; x_wconf 87' lang='lat' dir='ltr'><strong>Hectoreos</strong></span> <span class='ocrx_word' id='word_1_50' title='bbox 313 690 407 757; x_wconf 88' lang='lat' dir='ltr'><strong>amnis,</strong></span> <span class='ocrx_word' id='word_1_51' title='bbox 427 685 567 744; x_wconf 85' lang='lat' dir='ltr'><strong>Xanthum</strong></span> <span class='ocrx_word' id='word_1_52' title='bbox 586 695 614 744; x_wconf 90' lang='lat' dir='ltr'><strong>et</strong></span> <span class='ocrx_word' id='word_1_53' title='bbox 633 691 778 758; x_wconf 82' lang='lat' dir='ltr'><strong>Simoenta,</strong></span> <span class='ocrx_word' id='word_1_54' title='bbox 797 693 915 748; x_wconf 86' lang='lat' dir='ltr'><strong>videbol</strong></span> 
     </span>
     <span class='ocr_line' id='line_1_9' title="bbox 144 765 993 838; baseline 0.006 -20"><span class='ocrx_word' id='word_1_55' title='bbox 144 765 214 829; x_wconf 79' lang='lat' dir='ltr'><strong>Quin</strong></span> <span class='ocrx_word' id='word_1_56' title='bbox 232 767 305 834; x_wconf 87' lang='lat' dir='ltr'><strong>agite</strong></span> <span class='ocrx_word' id='word_1_57' title='bbox 323 770 352 820; x_wconf 90' lang='lat' dir='ltr'><strong>et</strong></span> <span class='ocrx_word' id='word_1_58' title='bbox 369 783 475 820; x_wconf 89' lang='lat' dir='ltr'><strong>mecum</strong></span> <span class='ocrx_word' id='word_1_59' title='bbox 492 768 623 821; x_wconf 85' lang='lat' dir='ltr'><strong>infaustas</strong></span> <span class='ocrx_word' id='word_1_60' title='bbox 641 769 748 822; x_wconf 81' lang='lat' dir='ltr'><strong>exurite</strong></span> <span class='ocrx_word' id='word_1_61' title='bbox 765 770 871 838; x_wconf 81' lang='lat' dir='ltr'><strong>puppis.</strong></span> <span class='ocrx_word' id='word_1_62' title='bbox 955 783 993 835; x_wconf 50' lang='lat' dir='ltr'><strong>‚sss</strong></span> 
     </span>
     <span class='ocr_line' id='line_1_10' title="bbox 142 841 888 914; baseline 0.008 -21"><span class='ocrx_word' id='word_1_63' title='bbox 142 841 168 893; x_wconf 91' lang='lat' dir='ltr'><strong>N</strong></span> <span class='ocrx_word' id='word_1_64' title='bbox 171 858 214 895; x_wconf 90' lang='lat' dir='ltr'><strong>arn</strong></span> <span class='ocrx_word' id='word_1_65' title='bbox 231 843 298 896; x_wconf 92' lang='lat' dir='ltr'><strong>mihi</strong></span> <span class='ocrx_word' id='word_1_66' title='bbox 318 843 486 898; x_wconf 82' lang='lat' dir='ltr'><strong>Cassandrae</strong></span> <span class='ocrx_word' id='word_1_67' title='bbox 503 861 553 912; x_wconf 89' lang='lat' dir='ltr'><strong>per</strong></span> <span class='ocrx_word' id='word_1_68' title='bbox 572 862 694 906; x_wconf 90' lang='lat' dir='ltr'><strong>somnum</strong></span> <span class='ocrx_word' id='word_1_69' title='bbox 712 847 780 899; x_wconf 83' lang='lat' dir='ltr'><strong>vatis</strong></span> <span class='ocrx_word' id='word_1_70' title='bbox 798 846 888 914; x_wconf 88' lang='lat' dir='ltr'><strong>imago</strong></span> 
     </span>
     <span class='ocr_line' id='line_1_11' title="bbox 143 918 996 992; baseline 0.008 -22"><span class='ocrx_word' id='word_1_71' title='bbox 143 918 276 973; x_wconf 89' lang='lat' dir='ltr'><strong>Ardentis</strong></span> <span class='ocrx_word' id='word_1_72' title='bbox 295 920 360 974; x_wconf 85' lang='lat' dir='ltr'><strong>dare</strong></span> <span class='ocrx_word' id='word_1_73' title='bbox 378 922 435 975; x_wconf 87' lang='lat' dir='ltr'><strong>visa</strong></span> <span class='ocrx_word' id='word_1_74' title='bbox 452 923 536 976; x_wconf 86' lang='lat' dir='ltr'><strong>faces:</strong></span> <span class='ocrx_word' id='word_1_75' title='bbox 561 923 615 975; x_wconf 90' lang='lat' dir='ltr'><strong>Hic</strong></span> <span class='ocrx_word' id='word_1_76' title='bbox 634 923 757 992; x_wconf 80' lang='lat' dir='ltr'><strong>quaerite</strong></span> <span class='ocrx_word' id='word_1_77' title='bbox 776 923 897 988; x_wconf 82' lang='lat' dir='ltr'><strong>Troiam3</strong></span> <span class='ocrx_word' id='word_1_78' title='bbox 994 957 996 961; x_wconf 39' lang='lat' dir='ltr'>v</span> 
     </span>
     <span class='ocr_line' id='line_1_12' title="bbox 143 994 958 1068; baseline 0.015 -21"><span class='ocrx_word' id='word_1_79' title='bbox 143 994 197 1048; x_wconf 91' lang='lat' dir='ltr'><strong>Hic</strong></span> <span class='ocrx_word' id='word_1_80' title='bbox 214 996 310 1050; x_wconf 86' lang='lat' dir='ltr'><strong>domus</strong></span> <span class='ocrx_word' id='word_1_81' title='bbox 328 1001 378 1066; x_wconf 89' lang='lat' dir='ltr'><strong>cst,</strong></span> <span class='ocrx_word' id='word_1_82' title='bbox 395 999 491 1067; x_wconf 83' lang='lat' dir='ltr'><strong>inquit,</strong></span> <span class='ocrx_word' id='word_1_83' title='bbox 510 999 592 1052; x_wconf 88' lang='lat' dir='ltr'><strong>vobis.</strong></span> <span class='ocrx_word' id='word_1_84' title='bbox 631 1001 689 1052; x_wconf 90' lang='lat' dir='ltr'><strong>Iam</strong></span> <span class='ocrx_word' id='word_1_85' title='bbox 707 1003 815 1068; x_wconf 88' lang='lat' dir='ltr'><strong>tempus</strong></span> <span class='ocrx_word' id='word_1_86' title='bbox 832 1000 877 1067; x_wconf 87' lang='lat' dir='ltr'><strong>agi</strong></span> <span class='ocrx_word' id='word_1_87' title='bbox 895 1015 958 1058; x_wconf 77' lang='lat' dir='ltr'><strong>res.</strong></span> 
     </span>
     <span class='ocr_line' id='line_1_13' title="bbox 141 1071 859 1146; baseline 0.006 -22"><span class='ocrx_word' id='word_1_88' title='bbox 141 1071 168 1123; x_wconf 89' lang='lat' dir='ltr'>N</span> <span class='ocrx_word' id='word_1_89' title='bbox 170 1089 200 1126; x_wconf 88' lang='lat' dir='ltr'><strong>cc</strong></span> <span class='ocrx_word' id='word_1_90' title='bbox 217 1075 302 1128; x_wconf 89' lang='lat' dir='ltr'><strong>tantis</strong></span> <span class='ocrx_word' id='word_1_91' title='bbox 320 1092 395 1128; x_wconf 88' lang='lat' dir='ltr'><strong>mora</strong></span> <span class='ocrx_word' id='word_1_92' title='bbox 413 1077 549 1145; x_wconf 88' lang='lat' dir='ltr'><strong>prodigiis.</strong></span> <span class='ocrx_word' id='word_1_93' title='bbox 588 1079 629 1130; x_wconf 82' lang='lat' dir='ltr'><strong>En</strong></span> <span class='ocrx_word' id='word_1_94' title='bbox 648 1080 778 1146; x_wconf 87' lang='lat' dir='ltr'><strong>quattuor</strong></span> <span class='ocrx_word' id='word_1_95' title='bbox 795 1092 859 1128; x_wconf 89' lang='lat' dir='ltr'><strong>arae</strong></span> 
     </span>
     <span class='ocr_line' id='line_1_14' title="bbox 130 1146 1094 1222; baseline 0 -21"><span class='ocrx_word' id='word_1_96' title='bbox 130 1146 286 1218; x_wconf 86' lang='lat' dir='ltr'><strong>·Neptun0;</strong></span> <span class='ocrx_word' id='word_1_97' title='bbox 308 1153 376 1205; x_wconf 89' lang='lat' dir='ltr'><strong>deus</strong></span> <span class='ocrx_word' id='word_1_98' title='bbox 393 1155 451 1220; x_wconf 89' lang='lat' dir='ltr'><strong>ipsc</strong></span> <span class='ocrx_word' id='word_1_99' title='bbox 470 1156 540 1208; x_wconf 78' lang='lat' dir='ltr'><strong>laces</strong></span> <span class='ocrx_word' id='word_1_100' title='bbox 558 1155 730 1222; x_wconf 87' lang='lat' dir='ltr'><strong>animumque</strong></span> <span class='ocrx_word' id='word_1_101' title='bbox 748 1153 892 1206; x_wconf 88' lang='lat' dir='ltr'><strong>ministrat.</strong></span> <span class='ocrx_word' id='word_1_102' title='bbox 956 1163 992 1201; x_wconf 78' lang='lat' dir='ltr'><strong>ero</strong></span> <span class='ocrx_word' id='word_1_103' title='bbox 1093 1160 1094 1163; x_wconf 77' lang='grc'>’</span> 
     </span>
     <span class='ocr_line' id='line_1_15' title="bbox 142 1225 933 1296; baseline 0 -17"><span class='ocrx_word' id='word_1_104' title='bbox 142 1225 220 1281; x_wconf 87' lang='lat' dir='ltr'><strong>Haec</strong></span> <span class='ocrx_word' id='word_1_105' title='bbox 238 1245 389 1281; x_wconf 87' lang='lat' dir='ltr'><strong>memorans</strong></span> <span class='ocrx_word' id='word_1_106' title='bbox 406 1229 494 1296; x_wconf 90' lang='lat' dir='ltr'><strong>prima</strong></span> <span class='ocrx_word' id='word_1_107' title='bbox 511 1229 646 1282; x_wconf 85' lang='lat' dir='ltr'><strong>infensum</strong></span> <span class='ocrx_word' id='word_1_108' title='bbox 663 1231 690 1282; x_wconf 86' lang='lat' dir='ltr'><strong>vi</strong></span> <span class='ocrx_word' id='word_1_109' title='bbox 708 1229 819 1296; x_wconf 83' lang='lat' dir='ltr'><strong>corripit</strong></span> <span class='ocrx_word' id='word_1_110' title='bbox 836 1228 933 1294; x_wconf 86' lang='lat' dir='ltr'><strong>ignem,</strong></span> 
     </span>
     <span class='ocr_line' id='line_1_16' title="bbox 143 1304 817 1374; baseline -0.001 -16"><span class='ocrx_word' id='word_1_111' title='bbox 143 1304 310 1374; x_wconf 80' lang='lat' dir='ltr'><strong>Sublataque</strong></span> <span class='ocrx_word' id='word_1_112' title='bbox 327 1306 421 1374; x_wconf 86' lang='lat' dir='ltr'><strong>procul</strong></span> <span class='ocrx_word' id='word_1_113' title='bbox 438 1305 538 1358; x_wconf 79' lang='lat' dir='ltr'><strong>dextra</strong></span> <span class='ocrx_word' id='word_1_114' title='bbox 554 1307 668 1360; x_wconf 79' lang='lat' dir='ltr'><strong>connixa</strong></span> <span class='ocrx_word' id='word_1_115' title='bbox 686 1307 817 1372; x_wconf 90' lang='lat' dir='ltr'><strong>coruscat,</strong></span> 
     </span>
    </p>

    <p class='ocr_par' dir='ltr' id='par_1_5' title="bbox 142 1378 1066 1681">
     <span class='ocr_line' id='line_1_17' title="bbox 142 1378 891 1450; baseline -0.001 -18"><span class='ocrx_word' id='word_1_116' title='bbox 142 1379 180 1432; x_wconf 76' lang='lat' dir='ltr'><strong>nr-</strong></span> <span class='ocrx_word' id='word_1_117' title='bbox 196 1382 266 1436; x_wconf 90' lang='lat' dir='ltr'><strong>iacit.</strong></span> <span class='ocrx_word' id='word_1_118' title='bbox 304 1384 436 1436; x_wconf 90' lang='lat' dir='ltr'><strong>Arrectac</strong></span> <span class='ocrx_word' id='word_1_119' title='bbox 454 1385 560 1435; x_wconf 88' lang='lat' dir='ltr'><strong>mentes</strong></span> <span class='ocrx_word' id='word_1_120' title='bbox 578 1381 785 1450; x_wconf 84' lang='lat' dir='ltr'><strong>stupefactaque</strong></span> <span class='ocrx_word' id='word_1_121' title='bbox 803 1378 891 1432; x_wconf 84' lang='lat' dir='ltr'><strong>corda&#39;</strong></span> 
     </span>
     <span class='ocr_line' id='line_1_18' title="bbox 143 1457 906 1534; baseline -0.001 -25"><span class='ocrx_word' id='word_1_122' title='bbox 143 1457 268 1512; x_wconf 77' lang='lat' dir='ltr'><strong>Iliadum,</strong></span> <span class='ocrx_word' id='word_1_123' title='bbox 306 1459 360 1512; x_wconf 93' lang='lat' dir='ltr'><strong>Hic</strong></span> <span class='ocrx_word' id='word_1_124' title='bbox 377 1477 431 1512; x_wconf 87' lang='lat' dir='ltr'><strong>una</strong></span> <span class='ocrx_word' id='word_1_125' title='bbox 449 1475 464 1510; x_wconf 92' lang='lat' dir='ltr'><strong>c</strong></span> <span class='ocrx_word' id='word_1_126' title='bbox 482 1457 582 1534; x_wconf 78' lang='lat' dir='ltr'><strong>mpltiS,</strong></span> <span class='ocrx_word' id='word_1_127' title='bbox 600 1475 669 1526; x_wconf 88' lang='lat' dir='ltr'><strong>quac</strong></span> <span class='ocrx_word' id='word_1_128' title='bbox 687 1472 814 1510; x_wconf 84' lang='lat' dir='ltr'><strong>maxuma</strong></span> <span class='ocrx_word' id='word_1_129' title='bbox 831 1458 906 1520; x_wconf 88' lang='lat' dir='ltr'><strong>natu,</strong></span> 
     </span>
     <span class='ocr_line' id='line_1_19' title="bbox 143 1533 1066 1603; baseline -0.003 -17"><span class='ocrx_word' id='word_1_130' title='bbox 143 1533 240 1603; x_wconf 84' lang='lat' dir='ltr'><strong>Pyrg0,</strong></span> <span class='ocrx_word' id='word_1_131' title='bbox 258 1540 301 1590; x_wconf 92' lang='lat' dir='ltr'><strong>tot</strong></span> <span class='ocrx_word' id='word_1_132' title='bbox 320 1535 421 1589; x_wconf 90' lang='lat' dir='ltr'><strong>Priami</strong></span> <span class='ocrx_word' id='word_1_133' title='bbox 439 1537 564 1588; x_wconf 89' lang='lat' dir='ltr'><strong>natorum</strong></span> <span class='ocrx_word' id='word_1_134' title='bbox 582 1535 659 1603; x_wconf 88' lang='lat' dir='ltr'><strong>regia</strong></span> <span class='ocrx_word' id='word_1_135' title='bbox 676 1535 781 1588; x_wconf 76' lang='lat' dir='ltr'><strong>nutrix:</strong></span> <span class='ocrx_word' id='word_1_136' title='bbox 955 1544 992 1583; x_wconf 75' lang='lat' dir='ltr'><strong>ees</strong></span> <span class='ocrx_word' id='word_1_137' title='bbox 1063 1566 1066 1570; x_wconf 93' lang='lat'><em>-</em></span> 
     </span>
     <span class='ocr_line' id='line_1_20' title="bbox 143 1608 856 1681; baseline 0.001 -21"><span class='ocrx_word' id='word_1_138' title='bbox 143 1608 205 1664; x_wconf 85' lang='lat' dir='ltr'><strong>Non</strong></span> <span class='ocrx_word' id='word_1_139' title='bbox 224 1613 311 1668; x_wconf 89' lang='lat' dir='ltr'><strong>Beroe</strong></span> <span class='ocrx_word' id='word_1_140' title='bbox 328 1612 412 1681; x_wconf 88' lang='lat' dir='ltr'><strong>vobis,</strong></span> <span class='ocrx_word' id='word_1_141' title='bbox 430 1630 484 1666; x_wconf 90' lang='lat' dir='ltr'><strong>non</strong></span> <span class='ocrx_word' id='word_1_142' title='bbox 501 1613 567 1666; x_wconf 90' lang='lat' dir='ltr'><strong>hacc</strong></span> <span class='ocrx_word' id='word_1_143' title='bbox 587 1611 729 1678; x_wconf 84' lang='lat' dir='ltr'><strong>Rhoeteia,</strong></span> <span class='ocrx_word' id='word_1_144' title='bbox 747 1615 856 1674; x_wconf 76' lang='lat' dir='ltr'><strong>matres</strong></span> 
     </span>
    </p>

    <p class='ocr_par' dir='ltr' id='par_1_6' title="bbox 143 1688 827 1836">
     <span class='ocr_line' id='line_1_21' title="bbox 143 1688 787 1759; baseline -0.002 -18"><span class='ocrx_word' id='word_1_145' title='bbox 143 1688 193 1742; x_wconf 85' lang='lat' dir='ltr'><strong>Est</strong></span> <span class='ocrx_word' id='word_1_146' title='bbox 212 1689 320 1759; x_wconf 87' lang='lat' dir='ltr'><strong>Dorycli</strong></span> <span class='ocrx_word' id='word_1_147' title='bbox 337 1691 469 1757; x_wconf 69' lang='lat' dir='ltr'><strong>coniunx,</strong></span> <span class='ocrx_word' id='word_1_148' title='bbox 486 1691 570 1743; x_wconf 86' lang='lat' dir='ltr'><strong>divini</strong></span> <span class='ocrx_word' id='word_1_149' title='bbox 588 1691 664 1758; x_wconf 87' lang='lat' dir='ltr'><strong>signa</strong></span> <span class='ocrx_word' id='word_1_150' title='bbox 682 1689 787 1742; x_wconf 86' lang='lat' dir='ltr'><strong>decoris</strong></span> 
     </span>
     <span class='ocr_line' id='line_1_22' title="bbox 143 1763 827 1836; baseline -0.006 -18"><span class='ocrx_word' id='word_1_151' title='bbox 143 1765 332 1836; x_wconf 86' lang='lat' dir='ltr'><strong>Ardentisquc</strong></span> <span class='ocrx_word' id='word_1_152' title='bbox 349 1771 443 1821; x_wconf 86' lang='lat' dir='ltr'><strong>notate</strong></span> <span class='ocrx_word' id='word_1_153' title='bbox 462 1767 567 1830; x_wconf 87' lang='lat' dir='ltr'><strong>oculos;</strong></span> <span class='ocrx_word' id='word_1_154' title='bbox 585 1768 632 1834; x_wconf 88' lang='lat' dir='ltr'><strong>qai</strong></span> <span class='ocrx_word' id='word_1_155' title='bbox 651 1766 763 1834; x_wconf 90' lang='lat' dir='ltr'><strong>spiritus</strong></span> <span class='ocrx_word' id='word_1_156' title='bbox 780 1763 827 1827; x_wconf 95' lang='lat' dir='ltr'><strong>illi,</strong></span> 
     </span>
    </p>

    <p class='ocr_par' dir='ltr' id='par_1_7' title="bbox 143 1839 849 1912">
     <span class='ocr_line' id='line_1_23' title="bbox 143 1839 849 1912; baseline -0.007 -17"><span class='ocrx_word' id='word_1_157' title='bbox 143 1841 195 1906; x_wconf 83' lang='lat' dir='ltr'><strong>Qui</strong></span> <span class='ocrx_word' id='word_1_158' title='bbox 213 1844 310 1910; x_wconf 72' lang='lat' dir='ltr'><strong>voltus,</strong></span> <span class='ocrx_word' id='word_1_159' title='bbox 328 1845 454 1912; x_wconf 84' lang='lat' dir='ltr'><strong>vocisque</strong></span> <span class='ocrx_word' id='word_1_160' title='bbox 473 1859 560 1908; x_wconf 90' lang='lat' dir='ltr'><strong>sonus,</strong></span> <span class='ocrx_word' id='word_1_161' title='bbox 579 1843 621 1895; x_wconf 94' lang='lat' dir='ltr'><strong>vcl</strong></span> <span class='ocrx_word' id='word_1_162' title='bbox 638 1858 748 1908; x_wconf 87' lang='lat' dir='ltr'><strong>gressus</strong></span> <span class='ocrx_word' id='word_1_163' title='bbox 766 1839 849 1892; x_wconf 89' lang='lat' dir='ltr'><strong>eunti.</strong></span> 
     </span>
    </p>

    <p class='ocr_par' dir='ltr' id='par_1_8' title="bbox 143 1913 993 2064">
     <span class='ocr_line' id='line_1_24' title="bbox 143 1913 993 1990; baseline -0.007 -18"><span class='ocrx_word' id='word_1_164' title='bbox 143 1919 208 1987; x_wconf 87' lang='lat' dir='ltr'><strong>Ipsa</strong></span> <span class='ocrx_word' id='word_1_165' title='bbox 226 1925 334 1987; x_wconf 85' lang='lat' dir='ltr'><strong>egomet</strong></span> <span class='ocrx_word' id='word_1_166' title='bbox 352 1920 456 1972; x_wconf 88' lang='lat' dir='ltr'><strong>dudum</strong></span> <span class='ocrx_word' id='word_1_167' title='bbox 475 1919 581 1970; x_wconf 89' lang='lat' dir='ltr'><strong>Beroen</strong></span> <span class='ocrx_word' id='word_1_168' title='bbox 600 1918 723 1985; x_wconf 86' lang='lat' dir='ltr'><strong>digressa</strong></span> <span class='ocrx_word' id='word_1_169' title='bbox 740 1913 838 1982; x_wconf 91' lang='lat' dir='ltr'><strong>reliqui</strong></span> <span class='ocrx_word' id='word_1_170' title='bbox 905 1985 907 1990; x_wconf 19' lang='grc' dir='ltr'><strong><em>Δ</em></strong></span> <span class='ocrx_word' id='word_1_171' title='bbox 957 1927 993 1967; x_wconf 79' lang='lat' dir='ltr'><strong>ste</strong></span> 
     </span>
     <span class='ocr_line' id='line_1_25' title="bbox 143 1992 844 2064; baseline -0.009 -17"><span class='ocrx_word' id='word_1_172' title='bbox 143 1996 271 2064; x_wconf 82' lang='lat' dir='ltr'><strong>Aegram,</strong></span> <span class='ocrx_word' id='word_1_173' title='bbox 290 1995 486 2062; x_wconf 86' lang='lat' dir='ltr'><strong>indignantem,</strong></span> <span class='ocrx_word' id='word_1_174' title='bbox 504 1994 552 2048; x_wconf 85' lang='lat' dir='ltr'><strong>tali</strong></span> <span class='ocrx_word' id='word_1_175' title='bbox 571 1993 645 2062; x_wconf 90' lang='lat' dir='ltr'><strong>quod</strong></span> <span class='ocrx_word' id='word_1_176' title='bbox 663 1993 720 2045; x_wconf 91' lang='lat' dir='ltr'><strong>sola</strong></span> <span class='ocrx_word' id='word_1_177' title='bbox 737 1992 844 2043; x_wconf 87' lang='lat' dir='ltr'><strong>careret</strong></span> 
     </span>
    </p>

    <p class='ocr_par' dir='ltr' id='par_1_9' title="bbox 142 2067 891 2139">
     <span class='ocr_line' id='line_1_26' title="bbox 142 2067 891 2139; baseline -0.008 -15"><span class='ocrx_word' id='word_1_178' title='bbox 142 2071 264 2139; x_wconf 88' lang='lat' dir='ltr'><strong>Munere,</strong></span> <span class='ocrx_word' id='word_1_179' title='bbox 282 2091 332 2127; x_wconf 91' lang='lat' dir='ltr'><strong>nec</strong></span> <span class='ocrx_word' id='word_1_180' title='bbox 350 2073 462 2126; x_wconf 90' lang='lat' dir='ltr'><strong>meritos</strong></span> <span class='ocrx_word' id='word_1_181' title='bbox 483 2070 619 2125; x_wconf 85' lang='lat' dir='ltr'><strong>Anchisae</strong></span> <span class='ocrx_word' id='word_1_182' title='bbox 636 2068 751 2122; x_wconf 89' lang='lat' dir='ltr'><strong>inferret</strong></span> <span class='ocrx_word' id='word_1_183' title='bbox 768 2067 891 2120; x_wconf 89' lang='lat' dir='ltr'><strong>honores.</strong></span> 
     </span>
    </p>

    <p class='ocr_par' dir='ltr' id='par_1_10' title="bbox 142 2148 325 2203">
     <span class='ocr_line' id='line_1_27' title="bbox 142 2148 325 2203; baseline 0.005 -3"><span class='ocrx_word' id='word_1_184' title='bbox 142 2148 220 2202; x_wconf 89' lang='lat' dir='ltr'><strong>Haec</strong></span> <span class='ocrx_word' id='word_1_185' title='bbox 238 2149 325 2203; x_wconf 87' lang='lat' dir='ltr'><strong>effata.</strong></span> 
     </span>
    </p>

    <p class='ocr_par' dir='ltr' id='par_1_11' title="bbox 142 2219 992 2446">
     <span class='ocr_line' id='line_1_28' title="bbox 142 2219 866 2296; baseline -0.01 -19"><span class='ocrx_word' id='word_1_186' title='bbox 142 2227 182 2278; x_wconf 89' lang='lat' dir='ltr'><strong>At</strong></span> <span class='ocrx_word' id='word_1_187' title='bbox 200 2230 302 2281; x_wconf 89' lang='lat' dir='ltr'><strong>matres</strong></span> <span class='ocrx_word' id='word_1_188' title='bbox 319 2227 407 2296; x_wconf 91' lang='lat' dir='ltr'><strong>primo</strong></span> <span class='ocrx_word' id='word_1_189' title='bbox 426 2226 566 2296; x_wconf 88' lang='lat' dir='ltr'><strong>ancipites,</strong></span> <span class='ocrx_word' id='word_1_190' title='bbox 586 2224 723 2291; x_wconf 90' lang='lat' dir='ltr'><strong>oculisque</strong></span> <span class='ocrx_word' id='word_1_191' title='bbox 741 2219 866 2287; x_wconf 86' lang='lat' dir='ltr'><strong>malignis</strong></span> 
     </span>
     <span class='ocr_line' id='line_1_29' title="bbox 143 2299 992 2372; baseline -0.014 -18"><span class='ocrx_word' id='word_1_192' title='bbox 143 2303 296 2372; x_wconf 81' lang='lat' dir='ltr'><strong>Ambiguae</strong></span> <span class='ocrx_word' id='word_1_193' title='bbox 314 2311 438 2372; x_wconf 88' lang='lat' dir='ltr'><strong>spectare</strong></span> <span class='ocrx_word' id='word_1_194' title='bbox 455 2307 530 2357; x_wconf 89' lang='lat' dir='ltr'><strong>rates</strong></span> <span class='ocrx_word' id='word_1_195' title='bbox 547 2301 678 2354; x_wconf 88' lang='lat' dir='ltr'><strong>miserum</strong></span> <span class='ocrx_word' id='word_1_196' title='bbox 695 2299 769 2351; x_wconf 88' lang='lat' dir='ltr'><strong>inter</strong></span> <span class='ocrx_word' id='word_1_197' title='bbox 786 2309 905 2348; x_wconf 89' lang='lat' dir='ltr'><strong>amorem</strong></span> <span class='ocrx_word' id='word_1_198' title='bbox 956 2306 992 2344; x_wconf 79' lang='lat' dir='ltr'><strong>ess</strong></span> 
     </span>
     <span class='ocr_line' id='line_1_30' title="bbox 143 2377 798 2446; baseline -0.006 -16"><span class='ocrx_word' id='word_1_199' title='bbox 143 2379 298 2432; x_wconf 85' lang='lat' dir='ltr'><strong>Praesentis</strong></span> <span class='ocrx_word' id='word_1_200' title='bbox 316 2383 408 2432; x_wconf 87' lang='lat' dir='ltr'><strong>terrae</strong></span> <span class='ocrx_word' id='word_1_201' title='bbox 425 2379 544 2446; x_wconf 84' lang='lat' dir='ltr'><strong>fatisque</strong></span> <span class='ocrx_word' id='word_1_202' title='bbox 562 2377 685 2430; x_wconf 87' lang='lat' dir='ltr'><strong>vocantia</strong></span> <span class='ocrx_word' id='word_1_203' title='bbox 702 2389 798 2440; x_wconf 88' lang='lat' dir='ltr'><strong>regna:</strong></span> 
     </span>
    </p>

    <p class='ocr_par' dir='ltr' id='par_1_12' title="bbox 142 2445 841 2600">
     <span class='ocr_line' id='line_1_31' title="bbox 142 2445 840 2522; baseline -0.016 -14"><span class='ocrx_word' id='word_1_204' title='bbox 142 2455 211 2508; x_wconf 86' lang='lat' dir='ltr'><strong>Cum</strong></span> <span class='ocrx_word' id='word_1_205' title='bbox 229 2455 281 2508; x_wconf 88' lang='lat' dir='ltr'><strong>dea</strong></span> <span class='ocrx_word' id='word_1_206' title='bbox 299 2472 327 2507; x_wconf 93' lang='lat' dir='ltr'><strong>sc</strong></span> <span class='ocrx_word' id='word_1_207' title='bbox 345 2455 455 2522; x_wconf 89' lang='lat' dir='ltr'><strong>paribus</strong></span> <span class='ocrx_word' id='word_1_208' title='bbox 472 2471 522 2521; x_wconf 91' lang='lat' dir='ltr'><strong>per</strong></span> <span class='ocrx_word' id='word_1_209' title='bbox 540 2452 643 2505; x_wconf 83' lang='lat' dir='ltr'><strong>caelum</strong></span> <span class='ocrx_word' id='word_1_210' title='bbox 662 2449 773 2502; x_wconf 87' lang='lat' dir='ltr'><strong>sustulit</strong></span> <span class='ocrx_word' id='word_1_211' title='bbox 790 2445 840 2498; x_wconf 85' lang='lat' dir='ltr'><strong>alis</strong></span> 
     </span>
     <span class='ocr_line' id='line_1_32' title="bbox 144 2525 841 2600; baseline -0.014 -18"><span class='ocrx_word' id='word_1_212' title='bbox 144 2531 341 2600; x_wconf 85' lang='lat' dir='ltr'><strong>ingentemque</strong></span> <span class='ocrx_word' id='word_1_213' title='bbox 358 2531 422 2597; x_wconf 83' lang='lat' dir='ltr'><strong>fuga</strong></span> <span class='ocrx_word' id='word_1_214' title='bbox 441 2530 526 2584; x_wconf 85' lang='lat' dir='ltr'><strong>secuit</strong></span> <span class='ocrx_word' id='word_1_215' title='bbox 544 2527 594 2580; x_wconf 90' lang='lat' dir='ltr'><strong>sub</strong></span> <span class='ocrx_word' id='word_1_216' title='bbox 612 2525 730 2580; x_wconf 90' lang='lat' dir='ltr'><strong>nubibus</strong></span> <span class='ocrx_word' id='word_1_217' title='bbox 742 2537 841 2574; x_wconf 89' lang='lat' dir='ltr'><strong>arcum.</strong></span> 
     </span>
    </p>

    <p class='ocr_par' dir='ltr' id='par_1_13' title="bbox 141 2599 991 2894">
     <span class='ocr_line' id='line_1_33' title="bbox 142 2599 927 2668; baseline -0.014 -7"><span class='ocrx_word' id='word_1_218' title='bbox 142 2608 208 2662; x_wconf 71' lang='lat' dir='ltr'><strong>laun</strong></span> <span class='ocrx_word' id='word_1_219' title='bbox 226 2626 290 2662; x_wconf 86' lang='lat' dir='ltr'><strong>vero</strong></span> <span class='ocrx_word' id='word_1_220' title='bbox 308 2607 442 2662; x_wconf 86' lang='lat' dir='ltr'><strong>attonitae</strong></span> <span class='ocrx_word' id='word_1_221' title='bbox 459 2605 587 2658; x_wconf 88' lang='lat' dir='ltr'><strong>monstris</strong></span> <span class='ocrx_word' id='word_1_222' title='bbox 605 2607 736 2668; x_wconf 86' lang='lat' dir='ltr'><strong>actaeque</strong></span> <span class='ocrx_word' id='word_1_223' title='bbox 754 2599 845 2652; x_wconf 84' lang='lat' dir='ltr'><strong>furore</strong></span> <span class='ocrx_word' id='word_1_224' title='bbox 925 2607 927 2612; x_wconf 85' lang='lat'>&#39;</span> 
     </span>
     <span class='ocr_line' id='line_1_34' title="bbox 141 2675 991 2752; baseline -0.013 -14"><span class='ocrx_word' id='word_1_225' title='bbox 141 2685 324 2749; x_wconf 82' lang='lat' dir='ltr'><strong>Conclamant,</strong></span> <span class='ocrx_word' id='word_1_226' title='bbox 342 2684 506 2752; x_wconf 86' lang='lat' dir='ltr'><strong>rapiuntque</strong></span> <span class='ocrx_word' id='word_1_227' title='bbox 524 2681 591 2733; x_wconf 83' lang='lat' dir='ltr'><strong>iocis</strong></span> <span class='ocrx_word' id='word_1_228' title='bbox 608 2675 794 2747; x_wconf 88' lang='lat' dir='ltr'><strong>penetralibus</strong></span> <span class='ocrx_word' id='word_1_229' title='bbox 810 2675 916 2742; x_wconf 82' lang='lat' dir='ltr'><strong>ignem;</strong></span> <span class='ocrx_word' id='word_1_230' title='bbox 956 2689 991 2728; x_wconf 77' lang='lat' dir='ltr'><strong>om</strong></span> 
     </span>
     <span class='ocr_line' id='line_1_35' title="bbox 142 2753 897 2831; baseline -0.011 -19"><span class='ocrx_word' id='word_1_231' title='bbox 142 2760 209 2816; x_wconf 90' lang='lat' dir='ltr'><strong>Pars</strong></span> <span class='ocrx_word' id='word_1_232' title='bbox 226 2762 343 2831; x_wconf 85' lang='lat' dir='ltr'><strong>spoliant</strong></span> <span class='ocrx_word' id='word_1_233' title='bbox 359 2777 427 2828; x_wconf 86' lang='lat' dir='ltr'><strong>aras,</strong></span> <span class='ocrx_word' id='word_1_234' title='bbox 444 2757 569 2812; x_wconf 87' lang='lat' dir='ltr'><strong>frondem</strong></span> <span class='ocrx_word' id='word_1_235' title='bbox 587 2773 618 2809; x_wconf 87' lang='lat' dir='ltr'><strong>ac</strong></span> <span class='ocrx_word' id='word_1_236' title='bbox 636 2755 753 2823; x_wconf 86' lang='lat' dir='ltr'><strong>virgulta</strong></span> <span class='ocrx_word' id='word_1_237' title='bbox 769 2753 897 2818; x_wconf 87' lang='lat' dir='ltr'><strong>facesque</strong></span> 
     </span>
     <span class='ocr_line' id='line_1_36' title="bbox 141 2829 834 2894; baseline -0.012 -4"><span class='ocrx_word' id='word_1_238' title='bbox 141 2837 299 2894; x_wconf 81' lang='lat' dir='ltr'><strong>Goniieiunt.</strong></span> <span class='ocrx_word' id='word_1_239' title='bbox 336 2839 415 2893; x_wconf 83' lang='lat' dir='ltr'><strong>Furit</strong></span> <span class='ocrx_word' id='word_1_240' title='bbox 432 2837 550 2892; x_wconf 90' lang='lat' dir='ltr'><strong>inmissis</strong></span> <span class='ocrx_word' id='word_1_241' title='bbox 569 2835 703 2888; x_wconf 89' lang='lat' dir='ltr'><strong>Volcanus</strong></span> <span class='ocrx_word' id='word_1_242' title='bbox 720 2829 834 2884; x_wconf 86' lang='lat' dir='ltr'><strong>habenis</strong></span> 
     </span>
    </p>

    <p class='ocr_par' dir='ltr' id='par_1_14' title="bbox 140 2905 990 3138">
     <span class='ocr_line' id='line_1_37' title="bbox 140 2905 871 2984; baseline -0.012 -18"><span class='ocrx_word' id='word_1_243' title='bbox 140 2914 270 2970; x_wconf 80' lang='lat' dir='ltr'><strong>Transtra</strong></span> <span class='ocrx_word' id='word_1_244' title='bbox 287 2931 337 2984; x_wconf 90' lang='lat' dir='ltr'><strong>per</strong></span> <span class='ocrx_word' id='word_1_245' title='bbox 355 2918 384 2967; x_wconf 92' lang='lat' dir='ltr'><strong>et</strong></span> <span class='ocrx_word' id='word_1_246' title='bbox 401 2929 490 2966; x_wconf 87' lang='lat' dir='ltr'><strong>remos</strong></span> <span class='ocrx_word' id='word_1_247' title='bbox 508 2918 537 2966; x_wconf 90' lang='lat' dir='ltr'><strong>et</strong></span> <span class='ocrx_word' id='word_1_248' title='bbox 555 2912 641 2980; x_wconf 86' lang='lat' dir='ltr'><strong>pictas</strong></span> <span class='ocrx_word' id='word_1_249' title='bbox 659 2909 748 2962; x_wconf 89' lang='lat' dir='ltr'><strong>abiete</strong></span> <span class='ocrx_word' id='word_1_250' title='bbox 764 2905 871 2975; x_wconf 88' lang='lat' dir='ltr'><strong>puppis</strong></span> 
     </span>
     <span class='ocr_line' id='line_1_38' title="bbox 142 2979 913 3054; baseline -0.016 -10"><span class='ocrx_word' id='word_1_251' title='bbox 142 2991 260 3045; x_wconf 78' lang='lat' dir='ltr'><strong>Nuntius</strong></span> <span class='ocrx_word' id='word_1_252' title='bbox 280 2991 415 3047; x_wconf 85' lang='lat' dir='ltr'><strong>Anchisae</strong></span> <span class='ocrx_word' id='word_1_253' title='bbox 433 2990 468 3043; x_wconf 91' lang='lat' dir='ltr'><strong>ad</strong></span> <span class='ocrx_word' id='word_1_254' title='bbox 486 2988 622 3043; x_wconf 90' lang='lat' dir='ltr'><strong>tumulum</strong></span> <span class='ocrx_word' id='word_1_255' title='bbox 640 2999 793 3052; x_wconf 85' lang='lat' dir='ltr'><strong>cuneosque</strong></span> <span class='ocrx_word' id='word_1_256' title='bbox 810 2979 913 3054; x_wconf 82' lang='lat' dir='ltr'><strong>theatri</strong></span> 
     </span>
     <span class='ocr_line' id='line_1_39' title="bbox 141 3060 990 3138; baseline -0.012 -16"><span class='ocrx_word' id='word_1_257' title='bbox 141 3069 269 3124; x_wconf 82' lang='lat' dir='ltr'><strong>lucenses</strong></span> <span class='ocrx_word' id='word_1_258' title='bbox 285 3068 391 3138; x_wconf 88' lang='lat' dir='ltr'><strong>perfert</strong></span> <span class='ocrx_word' id='word_1_259' title='bbox 408 3067 484 3120; x_wconf 87' lang='lat' dir='ltr'><strong>navis</strong></span> <span class='ocrx_word' id='word_1_260' title='bbox 503 3065 640 3127; x_wconf 70' lang='lat' dir='ltr'><strong>Eumelus,</strong></span> <span class='ocrx_word' id='word_1_261' title='bbox 659 3066 689 3116; x_wconf 91' lang='lat' dir='ltr'><strong>et</strong></span> <span class='ocrx_word' id='word_1_262' title='bbox 706 3060 758 3130; x_wconf 94' lang='lat' dir='ltr'><strong>ipsi</strong></span> <span class='ocrx_word' id='word_1_263' title='bbox 956 3065 990 3103; x_wconf 67' lang='lat'><strong>8⁶⁵</strong></span> 
     </span>
    </p>
   </div>
   <div class='ocr_carea' id='block_1_3' title="bbox 141 3136 930 3290">
    <p class='ocr_par' dir='ltr' id='par_1_15' title="bbox 141 3136 930 3290">
     <span class='ocr_line' id='line_1_40' title="bbox 141 3136 841 3218; baseline -0.021 -17"><span class='ocrx_word' id='word_1_264' title='bbox 141 3147 302 3218; x_wconf 84' lang='lat' dir='ltr'><strong>Respieiunt</strong></span> <span class='ocrx_word' id='word_1_265' title='bbox 319 3149 408 3201; x_wconf 89' lang='lat' dir='ltr'><strong>atram</strong></span> <span class='ocrx_word' id='word_1_266' title='bbox 425 3144 454 3197; x_wconf 92' lang='lat' dir='ltr'><strong>in</strong></span> <span class='ocrx_word' id='word_1_267' title='bbox 473 3143 565 3198; x_wconf 91' lang='lat' dir='ltr'><strong>nimbo</strong></span> <span class='ocrx_word' id='word_1_268' title='bbox 584 3141 697 3195; x_wconf 85' lang='lat' dir='ltr'><strong>volitare</strong></span> <span class='ocrx_word' id='word_1_269' title='bbox 715 3136 841 3190; x_wconf 79' lang='lat' dir='ltr'><strong>favillam.</strong></span> 
     </span>
     <span class='ocr_line' id='line_1_41' title="bbox 141 3210 930 3290; baseline -0.024 -13"><span class='ocrx_word' id='word_1_270' title='bbox 141 3224 250 3278; x_wconf 86' lang='lat' dir='ltr'><strong>Primus</strong></span> <span class='ocrx_word' id='word_1_271' title='bbox 267 3227 296 3279; x_wconf 87' lang='lat' dir='ltr'><strong>et</strong></span> <span class='ocrx_word' id='word_1_272' title='bbox 316 3222 456 3290; x_wconf 87' lang='lat' dir='ltr'><strong>Ascanius,</strong></span> <span class='ocrx_word' id='word_1_273' title='bbox 474 3237 569 3276; x_wconf 87' lang='lat' dir='ltr'><strong>cursus</strong></span> <span class='ocrx_word' id='word_1_274' title='bbox 587 3221 619 3273; x_wconf 89' lang='lat' dir='ltr'><strong>ut</strong></span> <span class='ocrx_word' id='word_1_275' title='bbox 636 3217 725 3272; x_wconf 87' lang='lat' dir='ltr'><strong>laetus</strong></span> <span class='ocrx_word' id='word_1_276' title='bbox 742 3210 879 3282; x_wconf 87' lang='lat' dir='ltr'><strong>equestris</strong></span> <span class='ocrx_word' id='word_1_277' title='bbox 929 3273 930 3276; x_wconf 7' lang='grc' dir='ltr'><strong>Ἴ</strong></span> 
     </span>
    </p>
   </div>
   <div class='ocr_carea' id='block_1_4' title="bbox 0 0 1150 3568">
    <p class='ocr_par' dir='ltr' id='par_1_16' title="bbox 0 0 1150 3568">
     <span class='ocr_line' id='line_1_42' title="bbox 0 0 1150 3568; baseline 0 0"><span class='ocrx_word' id='word_1_278' title='bbox 0 0 1150 3568; x_wconf 95' lang='lat' dir='ltr'><strong> </strong></span> 
     </span>
    </p>
   </div>
  </div>
 </body>
</html>
