2268 3570
391 177 576 228 Anuslnos
594 177 664 226 LIB.
682 175 733 224 XI.
945 177 990 224 801

142 262 204 317 Nou
221 261 275 315 erit
293 260 393 314 amilio
410 258 489 313 nobie
509 258 624 313 Aetolus
642 261 672 312 et
690 255 772 324 Arpi:

142 341 183 393 At
201 335 345 404 Messapus
362 334 423 402 erit,
441 334 561 402 felixque
580 332 745 398 Tolumnius,
764 333 794 384 et
811 347 879 399 quos

141 415 194 467 Tot
210 413 303 482 populi
320 411 419 464 misere
437 409 535 474 duccs;
553 425 603 462 nee
621 423 706 476 parva
722 407 853 474 sequetur
957 416 993 457 001

141 489 234 544 Gloria
251 488 371 542 delectos
390 487 468 540 Latio
486 491 515 539 et
535 482 718 538 Laurentibus
736 481 817 550 agris.

141 565 192 618 Est
209 567 238 618 et
256 563 416 616 Volscorum
435 563 546 630 egregie
564 560 598 614 de
617 563 702 628 geute
721 557 842 624 (tamilla,

142 645 250 710 Agmen
267 655 351 708 agens
369 639 490 708 equitum
509 641 539 690 et
556 636 678 690 florentis
695 651 759 690 aere
775 638 905 688 00101100.

141 717 261 781 Quodsi
279 733 323 770 me
340 715 426 768 solum
445 713 542 767 Teucri
560 713 587 765 in
605 711 755 766 certamina
771 713 895 778 poscunt,

142 793 231 862 quue
248 793 344 862 placet,
362 795 525 859 tantumque
543 789 621 842 bonis
639 786 827 842 communibus
844 785 930 846 obsto,
956 799 992 838 01

140 869 203 922 Non
220 869 289 922 adeo
306 869 355 922 has
373 884 456 921 exosa
472 883 569 920 manus
587 864 710 918 Victoria
727 863 805 931 fugit,

141 945 180 999 Ut
198 949 276 998 tanta
295 945 440 1013 quicquam
458 959 508 1012 pre
527 959 575 1012 spe
592 945 730 1010 temptare
748 954 878 992 recusem.

142 1019 192 1072 Ibo
210 1020 306 1073 animis
323 1023 425 1086 contra,
444 1019 486 1072 101
505 1034 633 1086 maguum
652 1018 776 1084 praestet
795 1011 921 1066 Achillen

141 1095 279 1164 Factaque
298 1097 411 1150 Volcani
429 1095 553 1149 manibus
570 1093 647 1162 paria
664 1092 761 1145 induat
776 1105 853 1142 arma

143 1171 192 1225 1110
210 1170 283 1226 lieet.
319 1173 405 1227 Vobis
423 1173 540 1226 animam
558 1171 627 1222 hanc
646 1184 793 1236 soceroque
814 1165 911 1218 Latino
955 1178 991 1216 010

8 1319 9 1330 ¹
29 1250 31 1253 ’
140 1247 247 1302 Turnus
265 1266 324 1316 ego,
341 1249 414 1302 haud
432 1249 480 1302 ulli
499 1251 621 1300 veterum
641 1245 743 1297 virtuto
761 1240 904 1307 sccundus,

140 1322 248 1381 Devovi.
285 1324 398 1378 “Solum
418 1326 526 1378 Aeneas
544 1321 643 1375 vocat.’'
680 1320 716 1373 111
735 1323 813 1373 10001
830 1333 893 1381 010,

140 1400 198 1453 Nec
218 1400 338 1454 Drances
356 1400 454 1470 potius,
473 1400 530 1453 0110
548 1402 591 1452 est
609 1397 677 1451 haee
694 1397 735 1450 ira
752 1395 875 1460 deorum,
972 1453 991 1462 ᾖ

140 1475 231 1529 Μο110
249 1477 314 1544 luat,
333 1477 390 1530 sive
408 1481 452 1529 est
470 1476 557 1529 virtus
575 1478 604 1528 et
620 1473 716 1541 gloria,
735 1472 822 1526 tollat

176 1551 219 1606 1111
238 1553 305 1606 haec
323 1553 395 1607 inter
413 1570 442 1606 se
461 1551 552 1605 dubiis
570 1550 606 1604 de
623 1550 705 1604 rebus
723 1548 792 1616 egeb
805 1555 843 1604 „nt
958 1561 993 1600 00

140 1629 300 1683 00110010οε
324 1633 415 1682 eastra
435 1633 543 1681 Aeneas
561 1626 700 1693 aciemque
799 1627 851 1680 bat

139 1704 260 1758 Nuntius
277 1705 382 1773 ingenti
399 1721 449 1772 per
467 1703 542 1771 regia
560 1705 634 1756 tecta
650 1705 682 1754 tu
742 1709 772 1758 tu

139 1779 209 1834 Ecce
227 1782 289 1845 ruit,
308 1782 467 1850 magnisque
484 1778 581 1832 urbem
599 1777 751 1832 terroribus
768 1779 865 1848 inplet:

140 1856 293 1911 instructos
310 1859 368 1910 acie
387 1857 513 1910 Tiberino
530 1873 547 1910 a
564 1855 675 1910 flumine
694 1854 812 1910 Teucros

138 1933 360 2002 Tyrrhenamque
379 1949 488 1986 manum
505 1933 573 1987 totis
591 1931 759 1989 descendere
776 1929 884 1998 campus.
955 1944 990 1984 sen

140 2009 284 2078 Extemplo
304 2009 408 2063 turbati
425 2009 508 2062 enimi
525 2025 710 2076 concussaque
729 2009 799 2076 volgi

140 2084 261 2152 Pectora,
280 2090 309 2140 et
325 2090 450 2139 arrectae
469 2085 587 2138 stimulis
605 2083 679 2142 haud.
698 2084 823 2136 mollibus
842 2083 905 2136 irae.

141 2163 226 2214 Arma
243 2177 323 2216 manu
343 2162 445 2230 trepidi
463 2165 593 2229 poscunt;
611 2160 705 2214 fremit
723 2176 798 2212 arom
815 2159 949 2227 iuventus,

138 2235 219 2290 Tlent
237 2237 334 2290 maesti
351 2242 529 2305 mussantque
546 2241 645 2304 patres.
684 2235 738 2288 Hic
753 2234 874 2303 undique
888 2235 988 2290 clanror

141 2312 273 2366 Dissensu
290 2313 366 2365 vario
382 2330 496 2380 magnus
515 2331 544 2365 se
562 2313 634 2366 tollit
653 2312 688 2365 ad
707 2328 800 2364 auras:
952 2327 987 2366 see

141 2388 224 2441 Haud
243 2405 320 2442 secus
339 2393 422 2458 atque
443 2389 498 2442 alto
517 2392 544 2440 in
564 2389 624 2442 luce
642 2405 703 2440 curn
721 2388 792 2440 forte
809 2390 935 2442 catervae

140 2463 296 2517 Consedere
314 2465 412 2530 avium,
431 2465 570 2533 piscosove
589 2481 668 2518 amne
689 2464 813 2518 Padusae

141 2540 210 2594 Dant
228 2541 346 2595 sonitum
364 2542 438 2594 rauci
457 2559 507 2609 per
524 2545 621 2608 stagna
639 2541 761 2608 loquacia
778 2540 858 2608 cycni.

137 2616 233 2684 Imm0,
250 2617 296 2684 ait,
314 2635 330 2670 o
348 2618 428 2685 cives,
446 2622 556 2686 arrepto
574 2621 699 2685 tempore
717 2617 830 2684 Turnus,

137 2691 232 2760 Cogite
251 2693 400 2761 concilium,
419 2697 448 2748 et
466 2711 559 2762 pacem
577 2693 688 2747 laudate
707 2693 846 2748 sedentes:
954 2708 987 2746 001

137 2768 182 2821 1111
200 2769 282 2822 armis
300 2770 327 2822 in
346 2786 431 2837 regna
449 2773 537 2822 ruant.
577 2770 602 2821 N
605 2786 635 2822 ec
652 2769 730 2838 plura
748 2767 853 2821 locutus

137 2844 276 2912 Corripuit
295 2862 354 2898 sese
372 2849 402 2898 et
419 2847 499 2899 tectis
518 2849 589 2898 citus
608 2845 707 2898 extulit
725 2843 795 2898 altis.

135 2920 183 2987 Tu,
202 2919 312 2987 Volane,
330 2923 429 2975 armari
449 2921 608 2975 Volscorum
628 2921 704 2975 edice
722 2917 861 2986 maniplis:

136 2995 202 3064 Duc,
220 2996 266 3064 ait,
284 3001 313 3049 et
332 2997 455 3050 Rutulos
492 2998 627 3067 Equitem,
647 2999 796 3067 Messapus,
816 2998 842 3050 in
860 2997 951 3065 armis

135 3072 172 3128 Et
190 3089 251 3125 cum
269 3074 355 3126 fratre
374 3074 465 3136 Coras,
484 3073 548 3127 latis
567 3075 712 3129 diffimdite
732 3074 840 3142 campie
949 3087 985 3126 100

136 3147 204 3200 Ρο10
221 3148 313 3201 aditus
330 3149 407 3202 urbis
425 3149 524 3216 firmet,
543 3151 682 3219 turrisque
699 3153 837 3218 capessam

135 3225 242 3290 001010,
261 3239 315 3292 qua
332 3224 411 3287 iusso,
431 3240 536 3278 mecum
554 3242 651 3280 manus
669 3226 769 3278 inferat
786 3241 868 3280 anna.
