2290 3568
405 141 588 190 AENEIDOS
606 141 675 189 LIB.
698 141 759 190 VII.

164 224 275 279 Venatu
292 241 441 290 nemorum,
460 223 537 277 duris
556 224 709 292 Aequicula
726 223 837 292 glaebis.

166 301 275 354 Armati
293 305 396 354 terram
414 303 551 368 exercent,
571 317 734 369 semperque
752 300 870 356 recentis

164 377 331 431 convectare
350 377 425 429 iuvat
443 377 560 444 praedas
577 381 606 431 ct
625 378 715 431 virere
733 380 821 445 rapto.
836 401 838 405 ·

199 453 269 516 Quin
288 457 316 506 et
335 453 475 506 Marruvia
493 455 568 507 venit
586 453 621 506 dc
639 458 722 521 gente
741 453 876 518 sacerdos,

165 529 273 583 Fronde
292 545 374 598 super
391 529 496 597 galeam
516 535 546 584 et
564 531 634 584 felici
654 534 779 599 comptus
798 530 877 597 oliva,

164 606 296 674 Archippi
314 606 387 674 regis
405 607 496 672 missu,
515 607 678 661 fortissimus
697 607 811 672 Umbro,

164 681 282 750 Vipereo
299 683 394 751 generi
413 693 441 736 et
459 685 581 751 graviter
599 683 767 752 spirantibus
785 683 879 751 hydris

83 765 87 772 ‘
162 759 297 827 Spargere
315 760 362 828 qui
381 777 488 813 somnos
506 766 643 828 cantuque
661 777 797 827 rrranuque
815 758 927 826 solebat,

162 834 356 905 lllulccbatque
374 836 429 888 iras
447 841 475 889 ct
493 853 599 890 morsus
618 840 679 890 arte
697 835 811 890 levabat.
981 847 1015 888 75⁵

161 905 217 964 s'ed
234 929 288 964 non
309 912 464 965 Dardaniae
482 912 612 966 medicari
630 912 749 980 cuspidis
768 913 852 965 ictum

162 987 276 1054 hivaluit,
295 1004 384 1056 neque
403 1005 464 1041 cum
483 988 575 1041 iuvere
594 989 620 1041 in
639 989 749 1041 volnera
766 993 861 1041 cautus

160 1063 305 1118 Somniferi
323 1069 352 1117 et
373 1064 469 1118 Marsis
488 1065 627 1132 quaesitae
645 1063 783 1118 montibus
800 1064 910 1118 herbae.

160 1140 312 1194 Tenemus
332 1141 488 1209 Anguitiac,
508 1141 595 1194 vitrea
613 1144 641 1194 te
661 1141 777 1194 Fucinus
796 1141 878 1208 unda,
971 1207 972 1212 ἵ

159 1217 197 1270 'lc
214 1217 311 1285 liquidi
328 1217 427 1270 flevere
446 1217 527 1270 lacus.
976 1233 1012 1272 rso

184 1273 258 1347 'roal
276 1296 305 1346 et
324 1293 468 1363 Hippolyti
487 1293 577 1362 proles
594 1294 776 1363 pulcherrima
793 1293 872 1361 bellu,

159 1369 278 1436 Virbius,
296 1370 431 1438 insignem
449 1387 530 1439 quem
549 1376 638 1425 mater
658 1371 750 1424 Aricia
768 1371 849 1438 misit,

159 1445 294 1499 Eductum
314 1447 428 1513 Egeriae
446 1447 514 1499 lucis
532 1447 674 1500 humentia
692 1447 792 1500 circum

159 1521 259 1587 Litora,
277 1522 385 1590 pinguis
402 1521 450 1575 ubi
468 1527 497 1575 ct
515 1523 655 1590 placabilis
673 1539 720 1576 ara
738 1523 849 1577 Dianae.

158 1594 284 1666 Namque
301 1597 395 1650 ferunt
412 1599 485 1650 fama
509 1599 693 1667 Hippolytum,
714 1603 858 1668 postquam
881 1605 942 1654 arto
962 1617 1008 1654 uo-

226 1691 322 1727 vercae
973 1691 1009 1731 ras

157 1750 296 1804 Occiderit
314 1750 472 1818 patriasque
491 1750 609 1818 explerit
627 1751 757 1818 sanguiue
776 1767 876 1818 poenas

157 1827 285 1881 Turbatis
303 1827 451 1880 distractus
470 1827 556 1895 equis,
574 1827 610 1882 ad
629 1827 720 1880 sidera
738 1844 831 1880 rursus

159 1905 291 1958 Aetheria
309 1907 337 1957 et
356 1920 469 1971 superas
486 1903 555 1957 caeli
573 1905 678 1957 venisse
696 1903 747 1956 sub
765 1920 852 1970 auras,

159 1981 281 2034 Paeoniis
299 1984 455 2033 revocatum
473 1979 564 2033 herbis
583 1983 612 2034 et
629 1997 722 2034 amore
742 1981 851 2034 Dianae.

157 2057 225 2109 'l'um
245 2057 328 2110 Pater
345 2057 523 2124 omnipotens,
541 2057 659 2124 aliquem
678 2056 834 2124 indignatus
852 2056 888 2110 ab
905 2058 1008 2113 silubris

157 2133 303 2187 Mortalcm
321 2132 435 2185 infernis
453 2132 489 2184 ad
507 2133 609 2184 lumina
628 2149 741 2198 surgere
759 2133 839 2199 vitae,
972 2150 1007 2189 ⁷71

158 2209 222 2277 lpsc
238 2211 406 2276 repertorum
425 2207 576 2261 medicinae
594 2208 656 2260 talis
675 2212 703 2261 et
721 2208 789 2260 artis

157 2285 284 2338 Fulmina
304 2283 506 2351 Phoebigenam
526 2283 633 2351 Stygias
652 2283 772 2337 detrusit
790 2284 826 2336 ad
844 2285 938 2341 undas.

157 2363 197 2414 ht
216 2362 305 2414 Trivia
325 2360 505 2429 Hippolytum
524 2360 636 2413 secretis
653 2360 724 2412 alum
742 2361 866 2414 recondit

157 2437 282 2502 Sedibus,
300 2442 329 2491 ct
347 2436 481 2505 nymphae
501 2436 617 2504 Egeriae
636 2437 794 2505 nemorique
811 2437 924 2506 relegat,
973 2454 1008 2494 rra

156 2514 234 2567 Solus
252 2513 297 2566 ubi
316 2514 344 2566 in
362 2513 435 2568 silvis
457 2512 534 2566 ltalia
552 2512 678 2580 ignobilis
696 2530 792 2566 aevum

157 2590 293 2658 Exigeret,
311 2607 446 2659 versoque
464 2589 511 2644 ubi
530 2591 638 2644 nornine
657 2589 770 2644 Virbius
788 2594 868 2647 essct.

156 2666 238 2719 Unde
257 2667 339 2719 etiam
358 2667 461 2736 templo
480 2667 585 2720 Triviae
604 2667 726 2735 lucisque
744 2667 857 2720 sacratis

157 2741 325 2810 Cornipedes
343 2748 471 2797 arcentur
490 2743 560 2812 oqui,
580 2743 655 2812 quod
673 2743 753 2797 litore
771 2759 880 2796 currum

157 2819 193 2872 Et
209 2819 334 2873 iuvenem
352 2819 481 2872 monstris
499 2819 589 2886 pavidi
609 2819 730 2872 olfridcrc
747 2819 867 2874 marinis.
972 2835 1008 2875 rso

158 2895 243 2948 Eilius
261 2894 385 2948 ardentis
403 2895 477 2948 haud
496 2896 580 2948 setius
599 2912 718 2963 aequore
736 2896 823 2964 campi

157 2970 310 3025 Exercebat
329 2987 413 3040 equos
431 2987 567 3038 curruque
584 2973 611 3023 iu
631 2970 702 3025 bellu
720 2971 825 3026 ruebat.

193 3048 256 3116 Ipse
274 3049 347 3101 inter
364 3047 466 3115 primos
485 3048 636 3114 praestanti
655 3065 767 3116 corporo
786 3049 892 3101 'l'urnus

157 3124 285 3178 Vertitur
303 3140 379 3176 arma
397 3127 501 3188 tenens,
521 3127 550 3177 et
567 3128 627 3177 toto
645 3125 747 3178 vertice
766 3141 848 3192 supra
865 3129 914 3180 cst.

156 3199 207 3254 Cui
225 3199 325 3271 triplici
343 3199 442 3255 crinita
459 3199 524 3254 iuba
541 3200 619 3270 galea
637 3200 692 3256 alta
711 3196 881 3258 Chimaeram
972 3217 1007 3259 rso
