<?xml version="1.0" encoding="UTF-8"?>
<!DOCTYPE html PUBLIC "-//W3C//DTD XHTML 1.0 Transitional//EN"
    "http://www.w3.org/TR/xhtml1/DTD/xhtml1-transitional.dtd">
<html xmlns="http://www.w3.org/1999/xhtml" xml:lang="en" lang="en">
 <head>
  <title>
</title>
<meta http-equiv="Content-Type" content="text/html;charset=utf-8" />
  <meta name='ocr-system' content='tesseract 3.04.00' />
  <meta name='ocr-capabilities' content='ocr_page ocr_carea ocr_par ocr_line ocrx_word'/>
</head>
<body>
  <div class='ocr_page' id='page_1' title='image "./operaexrecensio01virggoog_0064.png"; bbox 0 0 2266 3562; ppageno 0'>
   <div class='ocr_carea' id='block_1_1' title="bbox 384 158 994 208">
    <p class='ocr_par' dir='ltr' id='par_1_1' title="bbox 384 158 994 208">
     <span class='ocr_line' id='line_1_1' title="bbox 384 158 994 208; baseline -0.002 -2"><span class='ocrx_word' id='word_1_1' title='bbox 384 158 587 207; x_wconf 84' lang='lat' dir='ltr'>GEORGIOON</span> <span class='ocrx_word' id='word_1_2' title='bbox 606 160 675 208; x_wconf 91' lang='lat' dir='ltr'>LlB.</span> <span class='ocrx_word' id='word_1_3' title='bbox 695 159 747 208; x_wconf 90' lang='lat'>111.</span> <span class='ocrx_word' id='word_1_4' title='bbox 964 161 994 206; x_wconf 78' lang='lat'>53</span> 
     </span>
    </p>
   </div>
   <div class='ocr_carea' id='block_1_2' title="bbox 134 236 996 3294">
    <p class='ocr_par' dir='ltr' id='par_1_2' title="bbox 137 236 903 381">
     <span class='ocr_line' id='line_1_2' title="bbox 139 236 903 308; baseline 0.003 -18"><span class='ocrx_word' id='word_1_5' title='bbox 139 236 233 306; x_wconf 80' lang='lat' dir='ltr'>Atque</span> <span class='ocrx_word' id='word_1_6' title='bbox 251 237 295 292; x_wconf 89' lang='lat' dir='ltr'>hie</span> <span class='ocrx_word' id='word_1_7' title='bbox 312 237 464 291; x_wconf 89' lang='lat' dir='ltr'>undantem</span> <span class='ocrx_word' id='word_1_8' title='bbox 482 239 553 292; x_wconf 90' lang='lat' dir='ltr'>bello</span> <span class='ocrx_word' id='word_1_9' title='bbox 572 257 756 308; x_wconf 82' lang='lat' dir='ltr'>magnumque</span> <span class='ocrx_word' id='word_1_10' title='bbox 775 239 903 292; x_wconf 86' lang='lat' dir='ltr'>fluentem</span> 
     </span>
     <span class='ocr_line' id='line_1_3' title="bbox 137 312 790 381; baseline 0.008 -17"><span class='ocrx_word' id='word_1_11' title='bbox 137 312 230 366; x_wconf 90' lang='lat' dir='ltr'>Nilum</span> <span class='ocrx_word' id='word_1_12' title='bbox 249 331 281 366; x_wconf 88' lang='lat' dir='ltr'>ae</span> <span class='ocrx_word' id='word_1_13' title='bbox 299 314 388 366; x_wconf 73' lang='lat' dir='ltr'>travali</span> <span class='ocrx_word' id='word_1_14' title='bbox 408 316 545 381; x_wconf 86' lang='lat' dir='ltr'>surgentis</span> <span class='ocrx_word' id='word_1_15' title='bbox 564 333 627 368; x_wconf 90' lang='lat' dir='ltr'>aere</span> <span class='ocrx_word' id='word_1_16' title='bbox 646 316 790 370; x_wconf 87' lang='lat' dir='ltr'>columnas.</span> 
     </span>
    </p>

    <p class='ocr_par' dir='ltr' id='par_1_3' title="bbox 138 389 996 535">
     <span class='ocr_line' id='line_1_4' title="bbox 138 389 996 460; baseline 0.002 -18"><span class='ocrx_word' id='word_1_17' title='bbox 138 389 249 442; x_wconf 85' lang='lat' dir='ltr'><strong>Addam</strong></span> <span class='ocrx_word' id='word_1_18' title='bbox 268 390 349 442; x_wconf 89' lang='lat' dir='ltr'>urbes</span> <span class='ocrx_word' id='word_1_19' title='bbox 371 389 454 444; x_wconf 78' lang='lat' dir='ltr'>Asiae</span> <span class='ocrx_word' id='word_1_20' title='bbox 473 390 592 444; x_wconf 88' lang='lat' dir='ltr'>domitas</span> <span class='ocrx_word' id='word_1_21' title='bbox 610 392 772 460; x_wconf 85' lang='lat' dir='ltr'>pulsumque</span> <span class='ocrx_word' id='word_1_22' title='bbox 791 392 930 459; x_wconf 79' lang='lat' dir='ltr'>Niphaten</span> <span class='ocrx_word' id='word_1_23' title='bbox 969 403 996 444; x_wconf 78' lang='lat'>³0</span> 
     </span>
     <span class='ocr_line' id='line_1_5' title="bbox 138 465 867 535; baseline 0.001 -17"><span class='ocrx_word' id='word_1_24' title='bbox 138 465 336 534; x_wconf 79' lang='lat' dir='ltr'>Fidentemque</span> <span class='ocrx_word' id='word_1_25' title='bbox 356 467 420 533; x_wconf 83' lang='lat' dir='ltr'>iuga</span> <span class='ocrx_word' id='word_1_26' title='bbox 439 467 573 520; x_wconf 79' lang='lat' dir='ltr'><strong>Parthum</strong></span> <span class='ocrx_word' id='word_1_27' title='bbox 592 469 733 535; x_wconf 88' lang='lat' dir='ltr'>versisque</span> <span class='ocrx_word' id='word_1_28' title='bbox 752 469 867 534; x_wconf 85' lang='lat' dir='ltr'>sagittis,</span> 
     </span>
    </p>

    <p class='ocr_par' dir='ltr' id='par_1_4' title="bbox 137 543 856 614">
     <span class='ocr_line' id='line_1_6' title="bbox 137 543 856 614; baseline 0.003 -18"><span class='ocrx_word' id='word_1_29' title='bbox 137 543 173 596; x_wconf 79' lang='lat' dir='ltr'>ut</span> <span class='ocrx_word' id='word_1_30' title='bbox 191 543 246 595; x_wconf 92' lang='lat' dir='ltr'>duo</span> <span class='ocrx_word' id='word_1_31' title='bbox 265 549 344 610; x_wconf 86' lang='lat' dir='ltr'>rapta</span> <span class='ocrx_word' id='word_1_32' title='bbox 363 560 445 595; x_wconf 87' lang='lat' dir='ltr'>nmnu</span> <span class='ocrx_word' id='word_1_33' title='bbox 466 543 574 596; x_wconf 89' lang='lat' dir='ltr'>diverso</span> <span class='ocrx_word' id='word_1_34' title='bbox 594 561 628 597; x_wconf 86' lang='lat' dir='ltr'>ox</span> <span class='ocrx_word' id='word_1_35' title='bbox 646 543 726 598; x_wconf 85' lang='lat' dir='ltr'>hoste</span> <span class='ocrx_word' id='word_1_36' title='bbox 744 549 856 614; x_wconf 85' lang='lat' dir='ltr'>tropaea</span> 
     </span>
    </p>

    <p class='ocr_par' dir='ltr' id='par_1_5' title="bbox 137 619 847 688">
     <span class='ocr_line' id='line_1_7' title="bbox 137 619 847 688; baseline 0.003 -16"><span class='ocrx_word' id='word_1_37' title='bbox 137 619 238 687; x_wconf 80' lang='lat' dir='ltr'>Bisque</span> <span class='ocrx_word' id='word_1_38' title='bbox 257 619 439 688; x_wconf 89' lang='lat' dir='ltr'>triumphatas</span> <span class='ocrx_word' id='word_1_39' title='bbox 459 625 578 688; x_wconf 90' lang='lat' dir='ltr'>utroque</span> <span class='ocrx_word' id='word_1_40' title='bbox 597 620 631 673; x_wconf 88' lang='lat' dir='ltr'>ab</span> <span class='ocrx_word' id='word_1_41' title='bbox 651 621 731 674; x_wconf 86' lang='lat' dir='ltr'>litore</span> <span class='ocrx_word' id='word_1_42' title='bbox 749 623 847 687; x_wconf 85' lang='lat' dir='ltr'>gentis.</span> 
     </span>
    </p>

    <p class='ocr_par' dir='ltr' id='par_1_6' title="bbox 136 696 779 766">
     <span class='ocr_line' id='line_1_8' title="bbox 136 696 779 766; baseline 0.005 -18"><span class='ocrx_word' id='word_1_43' title='bbox 136 697 255 749; x_wconf 84' lang='lat' dir='ltr'>Stabunt</span> <span class='ocrx_word' id='word_1_44' title='bbox 274 698 311 749; x_wconf 90' lang='lat' dir='ltr'>et&#39;</span> <span class='ocrx_word' id='word_1_45' title='bbox 323 696 395 748; x_wconf 88' lang='lat' dir='ltr'>Parii</span> <span class='ocrx_word' id='word_1_46' title='bbox 414 696 525 765; x_wconf 90' lang='lat' dir='ltr'>lapides,</span> <span class='ocrx_word' id='word_1_47' title='bbox 544 698 677 766; x_wconf 81' lang='lat' dir='ltr'><strong>spirantia</strong></span> <span class='ocrx_word' id='word_1_48' title='bbox 694 697 779 766; x_wconf 83' lang='lat' dir='ltr'>signa,</span> 
     </span>
    </p>

    <p class='ocr_par' dir='ltr' id='par_1_7' title="bbox 135 772 993 995">
     <span class='ocr_line' id='line_1_9' title="bbox 138 772 993 843; baseline 0.005 -17"><span class='ocrx_word' id='word_1_49' title='bbox 138 772 264 826; x_wconf 76' lang='lat' dir='ltr'>Assaraci</span> <span class='ocrx_word' id='word_1_50' title='bbox 282 773 372 841; x_wconf 82' lang='lat' dir='ltr'>prole&#39;s</span> <span class='ocrx_word' id='word_1_51' title='bbox 392 773 583 843; x_wconf 74' lang='lat' dir='ltr'>demissaeque</span> <span class='ocrx_word' id='word_1_52' title='bbox 602 774 636 828; x_wconf 89' lang='lat' dir='ltr'>ab</span> <span class='ocrx_word' id='word_1_53' title='bbox 657 774 722 827; x_wconf 91' lang='lat' dir='ltr'>love</span> <span class='ocrx_word' id='word_1_54' title='bbox 740 775 830 842; x_wconf 89' lang='lat' dir='ltr'>gentis</span> <span class='ocrx_word' id='word_1_55' title='bbox 969 790 993 830; x_wconf 79' lang='lat' dir='ltr'>ue</span> 
     </span>
     <span class='ocr_line' id='line_1_10' title="bbox 135 848 962 918; baseline 0.006 -17"><span class='ocrx_word' id='word_1_56' title='bbox 135 848 160 900; x_wconf 89' lang='lat' dir='ltr'>N</span> <span class='ocrx_word' id='word_1_57' title='bbox 163 850 259 913; x_wconf 82' lang='lat' dir='ltr'>omina,</span> <span class='ocrx_word' id='word_1_58' title='bbox 280 849 402 918; x_wconf 77' lang='lat' dir='ltr'>Trosque</span> <span class='ocrx_word' id='word_1_59' title='bbox 420 867 528 918; x_wconf 79' lang='lat' dir='ltr'>parens,</span> <span class='ocrx_word' id='word_1_60' title='bbox 548 856 576 904; x_wconf 90' lang='lat' dir='ltr'>et</span> <span class='ocrx_word' id='word_1_61' title='bbox 595 850 692 904; x_wconf 84' lang='lat' dir='ltr'>Troiae</span> <span class='ocrx_word' id='word_1_62' title='bbox 711 851 843 918; x_wconf 75' lang='lat' dir='ltr'>Cynthius</span> <span class='ocrx_word' id='word_1_63' title='bbox 860 856 962 906; x_wconf 89' lang='lat' dir='ltr'>auctor.</span> 
     </span>
     <span class='ocr_line' id='line_1_11' title="bbox 139 925 798 995; baseline 0.005 -19"><span class='ocrx_word' id='word_1_64' title='bbox 139 925 244 978; x_wconf 88' lang='lat' dir='ltr'>invidia</span> <span class='ocrx_word' id='word_1_65' title='bbox 262 925 356 980; x_wconf 79' lang='lat' dir='ltr'>infelix</span> <span class='ocrx_word' id='word_1_66' title='bbox 376 927 473 980; x_wconf 81' lang='lat' dir='ltr'>Furias</span> <span class='ocrx_word' id='word_1_67' title='bbox 492 943 654 995; x_wconf 91' lang='lat' dir='ltr'>amnemque</span> <span class='ocrx_word' id='word_1_68' title='bbox 674 943 798 980; x_wconf 87' lang='lat' dir='ltr'>sevorum</span> 
     </span>
    </p>

    <p class='ocr_par' dir='ltr' id='par_1_8' title="bbox 136 1003 758 1071">
     <span class='ocr_line' id='line_1_12' title="bbox 136 1003 758 1071; baseline -0.003 -13"><span class='ocrx_word' id='word_1_69' title='bbox 136 1003 229 1070; x_wconf 82' lang='lat' dir='ltr'>Cocyti</span> <span class='ocrx_word' id='word_1_70' title='bbox 248 1007 354 1056; x_wconf 89' lang='lat' dir='ltr'>metuet</span> <span class='ocrx_word' id='word_1_71' title='bbox 374 1008 518 1071; x_wconf 87' lang='lat' dir='ltr'>tortosque</span> <span class='ocrx_word' id='word_1_72' title='bbox 539 1003 643 1056; x_wconf 83' lang='lat' dir='ltr'>Ixionis</span> <span class='ocrx_word' id='word_1_73' title='bbox 663 1003 758 1070; x_wconf 88' lang='lat' dir='ltr'>anguis</span> 
     </span>
    </p>

    <p class='ocr_par' dir='ltr' id='par_1_9' title="bbox 136 1079 994 1301">
     <span class='ocr_line' id='line_1_13' title="bbox 137 1079 901 1148; baseline 0.005 -18"><span class='ocrx_word' id='word_1_74' title='bbox 137 1079 333 1148; x_wconf 83' lang='lat' dir='ltr'>lumanenique</span> <span class='ocrx_word' id='word_1_75' title='bbox 353 1085 450 1147; x_wconf 85' lang='lat' dir='ltr'>rotam,</span> <span class='ocrx_word' id='word_1_76' title='bbox 469 1085 498 1134; x_wconf 93' lang='lat' dir='ltr'>et</span> <span class='ocrx_word' id='word_1_77' title='bbox 517 1097 569 1132; x_wconf 95' lang='lat' dir='ltr'>non</span> <span class='ocrx_word' id='word_1_78' title='bbox 590 1079 780 1148; x_wconf 83' lang='lat' dir='ltr'>exsuperabile</span> <span class='ocrx_word' id='word_1_79' title='bbox 798 1097 901 1134; x_wconf 88' lang='lat' dir='ltr'>saxum.</span> 
     </span>
     <span class='ocr_line' id='line_1_14' title="bbox 137 1156 994 1224; baseline 0 -16"><span class='ocrx_word' id='word_1_80' title='bbox 137 1156 248 1210; x_wconf 89' lang='lat' dir='ltr'>Interea</span> <span class='ocrx_word' id='word_1_81' title='bbox 268 1157 408 1224; x_wconf 83' lang='lat' dir='ltr'>Dryadum</span> <span class='ocrx_word' id='word_1_82' title='bbox 427 1157 508 1210; x_wconf 85' lang='lat' dir='ltr'>silvas</span> <span class='ocrx_word' id='word_1_83' title='bbox 529 1157 669 1224; x_wconf 74' lang='lat' dir='ltr'>saltusque</span> <span class='ocrx_word' id='word_1_84' title='bbox 689 1173 834 1224; x_wconf 90' lang='lat' dir='ltr'>sequamur</span> <span class='ocrx_word' id='word_1_85' title='bbox 971 1183 994 1221; x_wconf 70' lang='lat'>40</span> 
     </span>
     <span class='ocr_line' id='line_1_15' title="bbox 136 1232 816 1301; baseline 0.001 -16"><span class='ocrx_word' id='word_1_86' title='bbox 136 1232 267 1300; x_wconf 80' lang='lat' dir='ltr'>intactos,</span> <span class='ocrx_word' id='word_1_87' title='bbox 287 1237 341 1301; x_wconf 87' lang='lat' dir='ltr'>tua,</span> <span class='ocrx_word' id='word_1_88' title='bbox 363 1233 514 1301; x_wconf 79' lang='lat' dir='ltr'>Maecenas,</span> <span class='ocrx_word' id='word_1_89' title='bbox 535 1233 608 1286; x_wconf 87' lang='lat' dir='ltr'>haud</span> <span class='ocrx_word' id='word_1_90' title='bbox 628 1234 719 1287; x_wconf 88' lang='lat' dir='ltr'>mollia</span> <span class='ocrx_word' id='word_1_91' title='bbox 736 1235 816 1288; x_wconf 87' lang='lat' dir='ltr'>iussa.</span> 
     </span>
    </p>

    <p class='ocr_par' dir='ltr' id='par_1_10' title="bbox 135 1305 995 1686">
     <span class='ocr_line' id='line_1_16' title="bbox 135 1305 891 1378; baseline 0.004 -18"><span class='ocrx_word' id='word_1_92' title='bbox 135 1309 173 1362; x_wconf 88' lang='lat' dir='ltr'>Te</span> <span class='ocrx_word' id='word_1_93' title='bbox 192 1305 250 1362; x_wconf 87' lang='lat' dir='ltr'>sine</span> <span class='ocrx_word' id='word_1_94' title='bbox 270 1309 307 1362; x_wconf 94' lang='lat' dir='ltr'>nil</span> <span class='ocrx_word' id='word_1_95' title='bbox 327 1310 413 1363; x_wconf 80' lang='lat' dir='ltr'>altuni</span> <span class='ocrx_word' id='word_1_96' title='bbox 434 1327 510 1364; x_wconf 89' lang='lat' dir='ltr'>mens</span> <span class='ocrx_word' id='word_1_97' title='bbox 529 1305 652 1365; x_wconf 85' lang='lat' dir='ltr'>inchoat:</span> <span class='ocrx_word' id='word_1_98' title='bbox 673 1328 705 1364; x_wconf 90' lang='lat' dir='ltr'>en</span> <span class='ocrx_word' id='word_1_99' title='bbox 724 1327 782 1378; x_wconf 88' lang='lat' dir='ltr'>age,</span> <span class='ocrx_word' id='word_1_100' title='bbox 801 1311 891 1378; x_wconf 86' lang='lat' dir='ltr'>segnis</span> 
     </span>
     <span class='ocr_line' id='line_1_17' title="bbox 136 1385 892 1454; baseline 0.004 -18"><span class='ocrx_word' id='word_1_101' title='bbox 136 1385 244 1454; x_wconf 80' lang='lat' dir='ltr'>ltumpe</span> <span class='ocrx_word' id='word_1_102' title='bbox 263 1403 368 1450; x_wconf 80' lang='lat' dir='ltr'>moras3</span> <span class='ocrx_word' id='word_1_103' title='bbox 387 1390 466 1439; x_wconf 88' lang='lat' dir='ltr'>vocat</span> <span class='ocrx_word' id='word_1_104' title='bbox 484 1387 589 1454; x_wconf 86' lang='lat' dir='ltr'>ingenti</span> <span class='ocrx_word' id='word_1_105' title='bbox 610 1388 727 1441; x_wconf 89' lang='lat' dir='ltr'>clamore</span> <span class='ocrx_word' id='word_1_106' title='bbox 746 1387 892 1441; x_wconf 81' lang='lat' dir='ltr'>Cithaeron</span> 
     </span>
     <span class='ocr_line' id='line_1_18' title="bbox 135 1461 944 1532; baseline 0.004 -19"><span class='ocrx_word' id='word_1_107' title='bbox 135 1461 303 1532; x_wconf 74' lang='lat' dir='ltr'>Taygetique</span> <span class='ocrx_word' id='word_1_108' title='bbox 323 1479 403 1516; x_wconf 86' lang='lat' dir='ltr'>canes</span> <span class='ocrx_word' id='word_1_109' title='bbox 423 1462 610 1532; x_wconf 85' lang='lat' dir='ltr'>domitrixque</span> <span class='ocrx_word' id='word_1_110' title='bbox 631 1464 784 1532; x_wconf 83' lang='lat' dir='ltr'>Epidaurus</span> <span class='ocrx_word' id='word_1_111' title='bbox 803 1479 944 1532; x_wconf 87' lang='lat' dir='ltr'>equorum,</span> 
     </span>
     <span class='ocr_line' id='line_1_19' title="bbox 136 1537 995 1608; baseline 0.003 -18"><span class='ocrx_word' id='word_1_112' title='bbox 136 1537 171 1591; x_wconf 83' lang='lat' dir='ltr'>nt</span> <span class='ocrx_word' id='word_1_113' title='bbox 192 1555 244 1590; x_wconf 85' lang='lat' dir='ltr'>vox</span> <span class='ocrx_word' id='word_1_114' title='bbox 263 1539 381 1592; x_wconf 87' lang='lat' dir='ltr'>adsensu</span> <span class='ocrx_word' id='word_1_115' title='bbox 400 1557 541 1594; x_wconf 87' lang='lat' dir='ltr'>nemorum</span> <span class='ocrx_word' id='word_1_116' title='bbox 561 1541 727 1608; x_wconf 88' lang='lat' dir='ltr'>ingeminata</span> <span class='ocrx_word' id='word_1_117' title='bbox 745 1540 869 1607; x_wconf 87' lang='lat' dir='ltr'>remugit.</span> <span class='ocrx_word' id='word_1_118' title='bbox 971 1555 995 1593; x_wconf 73' lang='lat'>45</span> 
     </span>
     <span class='ocr_line' id='line_1_20' title="bbox 135 1614 834 1686; baseline 0.006 -20"><span class='ocrx_word' id='word_1_119' title='bbox 135 1614 200 1668; x_wconf 87' lang='lat' dir='ltr'>Mox</span> <span class='ocrx_word' id='word_1_120' title='bbox 220 1619 314 1668; x_wconf 87' lang='lat' dir='ltr'>tamen</span> <span class='ocrx_word' id='word_1_121' title='bbox 333 1615 454 1669; x_wconf 87' lang='lat' dir='ltr'>ardentis</span> <span class='ocrx_word' id='word_1_122' title='bbox 475 1618 600 1684; x_wconf 87' lang='lat' dir='ltr'>accingar</span> <span class='ocrx_word' id='word_1_123' title='bbox 619 1617 710 1670; x_wconf 87' lang='lat' dir='ltr'>dicere</span> <span class='ocrx_word' id='word_1_124' title='bbox 729 1633 834 1686; x_wconf 85' lang='lat' dir='ltr'>pugnas</span> 
     </span>
    </p>

    <p class='ocr_par' dir='ltr' id='par_1_11' title="bbox 135 1691 852 1762">
     <span class='ocr_line' id='line_1_21' title="bbox 135 1691 852 1762; baseline 0.001 -19"><span class='ocrx_word' id='word_1_125' title='bbox 135 1691 266 1758; x_wconf 79' lang='lat' dir='ltr'>Caesaris,</span> <span class='ocrx_word' id='word_1_126' title='bbox 287 1696 316 1746; x_wconf 92' lang='lat' dir='ltr'>et</span> <span class='ocrx_word' id='word_1_127' title='bbox 335 1709 433 1746; x_wconf 82' lang='lat' dir='ltr'>nornen</span> <span class='ocrx_word' id='word_1_128' title='bbox 453 1694 525 1747; x_wconf 77' lang='lat' dir='ltr'>fania</span> <span class='ocrx_word' id='word_1_129' title='bbox 544 1697 586 1748; x_wconf 86' lang='lat' dir='ltr'>tot</span> <span class='ocrx_word' id='word_1_130' title='bbox 604 1695 677 1747; x_wconf 86' lang='lat' dir='ltr'>serre</span> <span class='ocrx_word' id='word_1_131' title='bbox 695 1711 745 1762; x_wconf 92' lang='lat' dir='ltr'>per</span> <span class='ocrx_word' id='word_1_132' title='bbox 763 1709 852 1759; x_wconf 89' lang='lat' dir='ltr'>annos,</span> 
     </span>
    </p>

    <p class='ocr_par' dir='ltr' id='par_1_12' title="bbox 134 1767 835 1838">
     <span class='ocr_line' id='line_1_22' title="bbox 134 1767 835 1838; baseline 0.004 -20"><span class='ocrx_word' id='word_1_133' title='bbox 134 1767 243 1820; x_wconf 86' lang='lat' dir='ltr'>Tithoni</span> <span class='ocrx_word' id='word_1_134' title='bbox 262 1768 351 1837; x_wconf 87' lang='lat' dir='ltr'>prima</span> <span class='ocrx_word' id='word_1_135' title='bbox 370 1773 436 1838; x_wconf 87' lang='lat' dir='ltr'>quot</span> <span class='ocrx_word' id='word_1_136' title='bbox 456 1770 534 1823; x_wconf 90' lang='lat' dir='ltr'>abest</span> <span class='ocrx_word' id='word_1_137' title='bbox 553 1770 587 1822; x_wconf 84' lang='lat' dir='ltr'>ab</span> <span class='ocrx_word' id='word_1_138' title='bbox 606 1771 710 1837; x_wconf 88' lang='lat' dir='ltr'>origine</span> <span class='ocrx_word' id='word_1_139' title='bbox 730 1770 835 1822; x_wconf 87' lang='lat' dir='ltr'>Cacsar.</span> 
     </span>
    </p>

    <p class='ocr_par' dir='ltr' id='par_1_13' title="bbox 135 1844 992 2220">
     <span class='ocr_line' id='line_1_23' title="bbox 169 1844 912 1914; baseline 0.001 -17"><span class='ocrx_word' id='word_1_140' title='bbox 169 1844 223 1898; x_wconf 81' lang='lat' dir='ltr'>Seu</span> <span class='ocrx_word' id='word_1_141' title='bbox 241 1847 310 1914; x_wconf 86' lang='lat' dir='ltr'>quis,</span> <span class='ocrx_word' id='word_1_142' title='bbox 332 1845 505 1914; x_wconf 80' lang='lat' dir='ltr'>Olympiacae</span> <span class='ocrx_word' id='word_1_143' title='bbox 524 1847 639 1900; x_wconf 87' lang='lat' dir='ltr'>miratus</span> <span class='ocrx_word' id='word_1_144' title='bbox 660 1847 781 1914; x_wconf 86' lang='lat' dir='ltr'>praemia</span> <span class='ocrx_word' id='word_1_145' title='bbox 798 1845 912 1914; x_wconf 86' lang='lat' dir='ltr'>palmae,</span> 
     </span>
     <span class='ocr_line' id='line_1_24' title="bbox 135 1920 992 1992; baseline 0.005 -20"><span class='ocrx_word' id='word_1_146' title='bbox 135 1920 226 1974; x_wconf 89' lang='lat' dir='ltr'>Pascit</span> <span class='ocrx_word' id='word_1_147' title='bbox 246 1939 337 1991; x_wconf 88' lang='lat' dir='ltr'>equos,</span> <span class='ocrx_word' id='word_1_148' title='bbox 356 1938 404 1976; x_wconf 85' lang='lat' dir='ltr'>seu</span> <span class='ocrx_word' id='word_1_149' title='bbox 423 1924 484 1992; x_wconf 91' lang='lat' dir='ltr'>quis</span> <span class='ocrx_word' id='word_1_150' title='bbox 503 1924 581 1976; x_wconf 82' lang='lat' dir='ltr'>fortis</span> <span class='ocrx_word' id='word_1_151' title='bbox 601 1923 636 1975; x_wconf 90' lang='lat' dir='ltr'>ad</span> <span class='ocrx_word' id='word_1_152' title='bbox 655 1927 747 1976; x_wconf 89' lang='lat' dir='ltr'>aratra</span> <span class='ocrx_word' id='word_1_153' title='bbox 765 1923 898 1988; x_wconf 88' lang='lat' dir='ltr'>iuvencos,</span> <span class='ocrx_word' id='word_1_154' title='bbox 969 1939 992 1976; x_wconf 83' lang='lat' dir='ltr'>m</span> 
     </span>
     <span class='ocr_line' id='line_1_25' title="bbox 135 1997 932 2068; baseline 0 -18"><span class='ocrx_word' id='word_1_155' title='bbox 135 1997 256 2067; x_wconf 87' lang='lat' dir='ltr'>Corpora</span> <span class='ocrx_word' id='word_1_156' title='bbox 274 2001 420 2068; x_wconf 89' lang='lat' dir='ltr'>praecipue</span> <span class='ocrx_word' id='word_1_157' title='bbox 439 2003 557 2052; x_wconf 85' lang='lat' dir='ltr'>matrum</span> <span class='ocrx_word' id='word_1_158' title='bbox 577 1999 658 2066; x_wconf 86' lang='lat' dir='ltr'>legat.</span> <span class='ocrx_word' id='word_1_159' title='bbox 700 1999 821 2067; x_wconf 88' lang='lat' dir='ltr'>Optuma</span> <span class='ocrx_word' id='word_1_160' title='bbox 838 2002 932 2051; x_wconf 87' lang='lat' dir='ltr'>torvae</span> 
     </span>
     <span class='ocr_line' id='line_1_26' title="bbox 135 2072 928 2145; baseline 0.001 -20"><span class='ocrx_word' id='word_1_161' title='bbox 135 2072 235 2128; x_wconf 85' lang='lat' dir='ltr'>Forma</span> <span class='ocrx_word' id='word_1_162' title='bbox 253 2076 337 2144; x_wconf 90' lang='lat' dir='ltr'>bovis,</span> <span class='ocrx_word' id='word_1_163' title='bbox 357 2077 401 2130; x_wconf 90' lang='lat' dir='ltr'>cui</span> <span class='ocrx_word' id='word_1_164' title='bbox 420 2080 501 2145; x_wconf 85' lang='lat' dir='ltr'>turpe</span> <span class='ocrx_word' id='word_1_165' title='bbox 522 2081 611 2144; x_wconf 86' lang='lat' dir='ltr'>caput,</span> <span class='ocrx_word' id='word_1_166' title='bbox 631 2077 673 2129; x_wconf 94' lang='lat' dir='ltr'>cui</span> <span class='ocrx_word' id='word_1_167' title='bbox 693 2076 810 2144; x_wconf 89' lang='lat' dir='ltr'>plurima</span> <span class='ocrx_word' id='word_1_168' title='bbox 829 2075 928 2140; x_wconf 85' lang='lat' dir='ltr'>cervix,</span> 
     </span>
     <span class='ocr_line' id='line_1_27' title="bbox 135 2151 838 2220; baseline 0 -17"><span class='ocrx_word' id='word_1_169' title='bbox 135 2151 171 2204; x_wconf 82' lang='lat' dir='ltr'>nt</span> <span class='ocrx_word' id='word_1_170' title='bbox 190 2169 298 2206; x_wconf 89' lang='lat' dir='ltr'>crurum</span> <span class='ocrx_word' id='word_1_171' title='bbox 318 2159 398 2207; x_wconf 89' lang='lat' dir='ltr'>tenus</span> <span class='ocrx_word' id='word_1_172' title='bbox 418 2171 435 2206; x_wconf 86' lang='lat' dir='ltr'>a</span> <span class='ocrx_word' id='word_1_173' title='bbox 452 2157 545 2207; x_wconf 89' lang='lat' dir='ltr'>mento</span> <span class='ocrx_word' id='word_1_174' title='bbox 564 2153 684 2220; x_wconf 85' lang='lat' dir='ltr'>palearia</span> <span class='ocrx_word' id='word_1_175' title='bbox 703 2152 838 2220; x_wconf 89' lang='lat' dir='ltr'>pendent;</span> 
     </span>
    </p>

    <p class='ocr_par' dir='ltr' id='par_1_14' title="bbox 134 2225 871 2298">
     <span class='ocr_line' id='line_1_28' title="bbox 134 2225 871 2298; baseline -0.001 -18"><span class='ocrx_word' id='word_1_176' title='bbox 134 2228 202 2282; x_wconf 85' lang='lat' dir='ltr'>Tum</span> <span class='ocrx_word' id='word_1_177' title='bbox 221 2229 300 2298; x_wconf 85' lang='lat' dir='ltr'>longo</span> <span class='ocrx_word' id='word_1_178' title='bbox 320 2230 409 2283; x_wconf 89' lang='lat' dir='ltr'>nullus</span> <span class='ocrx_word' id='word_1_179' title='bbox 429 2230 509 2282; x_wconf 89' lang='lat' dir='ltr'>lateri</span> <span class='ocrx_word' id='word_1_180' title='bbox 529 2229 641 2294; x_wconf 80' lang='lat' dir='ltr'>nrodus3</span> <span class='ocrx_word' id='word_1_181' title='bbox 658 2227 748 2281; x_wconf 89' lang='lat' dir='ltr'>onmia</span> <span class='ocrx_word' id='word_1_182' title='bbox 766 2225 871 2294; x_wconf 80' lang='lat' dir='ltr'>iriagna,</span> 
     </span>
    </p>

    <p class='ocr_par' dir='ltr' id='par_1_15' title="bbox 135 2303 993 2451">
     <span class='ocr_line' id='line_1_29' title="bbox 135 2303 993 2372; baseline 0.001 -16"><span class='ocrx_word' id='word_1_183' title='bbox 135 2304 188 2357; x_wconf 90' lang='lat' dir='ltr'>Pes</span> <span class='ocrx_word' id='word_1_184' title='bbox 207 2307 305 2372; x_wconf 82' lang='lat' dir='ltr'>etiam3</span> <span class='ocrx_word' id='word_1_185' title='bbox 323 2309 352 2360; x_wconf 88' lang='lat' dir='ltr'>et</span> <span class='ocrx_word' id='word_1_186' title='bbox 371 2307 488 2359; x_wconf 82' lang='lat' dir='ltr'>oarnuris</span> <span class='ocrx_word' id='word_1_187' title='bbox 507 2305 597 2359; x_wconf 86' lang='lat' dir='ltr'>hirtae</span> <span class='ocrx_word' id='word_1_188' title='bbox 617 2306 667 2358; x_wconf 91' lang='lat' dir='ltr'>sub</span> <span class='ocrx_word' id='word_1_189' title='bbox 687 2303 812 2357; x_wconf 90' lang='lat' dir='ltr'>cornibus</span> <span class='ocrx_word' id='word_1_190' title='bbox 830 2320 916 2356; x_wconf 88' lang='lat' dir='ltr'>aures.</span> <span class='ocrx_word' id='word_1_191' title='bbox 969 2319 993 2357; x_wconf 77' lang='lat' dir='ltr'>so</span> 
     </span>
     <span class='ocr_line' id='line_1_30' title="bbox 135 2379 837 2451; baseline -0.001 -18"><span class='ocrx_word' id='word_1_192' title='bbox 135 2381 193 2434; x_wconf 86' lang='lat' dir='ltr'>Neo</span> <span class='ocrx_word' id='word_1_193' title='bbox 212 2382 276 2434; x_wconf 91' lang='lat' dir='ltr'>mihi</span> <span class='ocrx_word' id='word_1_194' title='bbox 297 2383 439 2451; x_wconf 88' lang='lat' dir='ltr'>displiceat</span> <span class='ocrx_word' id='word_1_195' title='bbox 460 2383 571 2436; x_wconf 89' lang='lat' dir='ltr'>maculis</span> <span class='ocrx_word' id='word_1_196' title='bbox 590 2381 704 2448; x_wconf 87' lang='lat' dir='ltr'>insignis</span> <span class='ocrx_word' id='word_1_197' title='bbox 722 2385 750 2434; x_wconf 86' lang='lat' dir='ltr'>et</span> <span class='ocrx_word' id='word_1_198' title='bbox 768 2379 837 2447; x_wconf 89' lang='lat' dir='ltr'>albe,</span> 
     </span>
    </p>

    <p class='ocr_par' dir='ltr' id='par_1_16' title="bbox 135 2458 888 2528">
     <span class='ocr_line' id='line_1_31' title="bbox 135 2458 888 2528; baseline -0.003 -18"><span class='ocrx_word' id='word_1_199' title='bbox 135 2459 193 2512; x_wconf 88' lang='lat' dir='ltr'>Aut</span> <span class='ocrx_word' id='word_1_200' title='bbox 211 2459 273 2526; x_wconf 88' lang='lat' dir='ltr'>iuga</span> <span class='ocrx_word' id='word_1_201' title='bbox 293 2461 449 2514; x_wconf 89' lang='lat' dir='ltr'>detrectans</span> <span class='ocrx_word' id='word_1_202' title='bbox 469 2458 664 2528; x_wconf 86' lang='lat' dir='ltr'>interdumque</span> <span class='ocrx_word' id='word_1_203' title='bbox 683 2475 779 2526; x_wconf 87' lang='lat' dir='ltr'>aspera</span> <span class='ocrx_word' id='word_1_204' title='bbox 796 2473 888 2522; x_wconf 86' lang='lat' dir='ltr'>cornu,</span> 
     </span>
    </p>

    <p class='ocr_par' dir='ltr' id='par_1_17' title="bbox 135 2535 856 2606">
     <span class='ocr_line' id='line_1_32' title="bbox 135 2535 856 2606; baseline -0.003 -18"><span class='ocrx_word' id='word_1_205' title='bbox 135 2536 170 2589; x_wconf 85' lang='lat' dir='ltr'>ut</span> <span class='ocrx_word' id='word_1_206' title='bbox 188 2537 284 2590; x_wconf 85' lang='lat' dir='ltr'>t&#39;aciem</span> <span class='ocrx_word' id='word_1_207' title='bbox 303 2540 382 2590; x_wconf 88' lang='lat' dir='ltr'>tauro</span> <span class='ocrx_word' id='word_1_208' title='bbox 402 2538 519 2606; x_wconf 86' lang='lat' dir='ltr'>propior,</span> <span class='ocrx_word' id='word_1_209' title='bbox 542 2552 667 2606; x_wconf 86' lang='lat' dir='ltr'>quaeque</span> <span class='ocrx_word' id='word_1_210' title='bbox 686 2535 772 2588; x_wconf 87' lang='lat' dir='ltr'>ardua</span> <span class='ocrx_word' id='word_1_211' title='bbox 789 2537 856 2601; x_wconf 86' lang='lat' dir='ltr'>tote,</span> 
     </span>
    </p>

    <p class='ocr_par' dir='ltr' id='par_1_18' title="bbox 135 2612 742 2680">
     <span class='ocr_line' id='line_1_33' title="bbox 135 2612 742 2680; baseline 0 -16"><span class='ocrx_word' id='word_1_212' title='bbox 135 2613 170 2666; x_wconf 80' lang='lat' dir='ltr'>nt</span> <span class='ocrx_word' id='word_1_213' title='bbox 188 2613 315 2680; x_wconf 82' lang='lat' dir='ltr'>gradiens</span> <span class='ocrx_word' id='word_1_214' title='bbox 334 2615 388 2667; x_wconf 88' lang='lat' dir='ltr'>ima</span> <span class='ocrx_word' id='word_1_215' title='bbox 410 2615 493 2668; x_wconf 77' lang='lat' dir='ltr'>verrit</span> <span class='ocrx_word' id='word_1_216' title='bbox 513 2615 628 2678; x_wconf 82' lang='lat' dir='ltr'>vestigia</span> <span class='ocrx_word' id='word_1_217' title='bbox 647 2612 742 2666; x_wconf 89' lang='lat' dir='ltr'>cauda.</span> 
     </span>
    </p>

    <p class='ocr_par' dir='ltr' id='par_1_19' title="bbox 134 2690 992 2911">
     <span class='ocr_line' id='line_1_34' title="bbox 135 2690 992 2764; baseline -0.002 -22"><span class='ocrx_word' id='word_1_218' title='bbox 135 2691 221 2742; x_wconf 83' lang='lat' dir='ltr'>Aetas</span> <span class='ocrx_word' id='word_1_219' title='bbox 241 2691 369 2744; x_wconf 85' lang='lat' dir='ltr'>bucinam</span> <span class='ocrx_word' id='word_1_220' title='bbox 389 2692 530 2764; x_wconf 86' lang='lat' dir='ltr'>iustosque</span> <span class='ocrx_word' id='word_1_221' title='bbox 552 2691 608 2758; x_wconf 87' lang='lat' dir='ltr'>pati</span> <span class='ocrx_word' id='word_1_222' title='bbox 627 2690 788 2758; x_wconf 84' lang='lat' dir='ltr'>hymenaeos</span> <span class='ocrx_word' id='word_1_223' title='bbox 969 2697 992 2735; x_wconf 74' lang='lat'>⁰⁰</span> 
     </span>
     <span class='ocr_line' id='line_1_35' title="bbox 134 2765 912 2838; baseline -0.003 -20"><span class='ocrx_word' id='word_1_224' title='bbox 134 2765 241 2819; x_wconf 88' lang='lat' dir='ltr'>Desinit</span> <span class='ocrx_word' id='word_1_225' title='bbox 259 2773 324 2821; x_wconf 79' lang='lat' dir='ltr'>alito</span> <span class='ocrx_word' id='word_1_226' title='bbox 345 2769 447 2836; x_wconf 90' lang='lat' dir='ltr'>decem,</span> <span class='ocrx_word' id='word_1_227' title='bbox 466 2774 529 2838; x_wconf 88' lang='lat' dir='ltr'>post</span> <span class='ocrx_word' id='word_1_228' title='bbox 550 2771 682 2836; x_wconf 89' lang='lat' dir='ltr'>quattuor</span> <span class='ocrx_word' id='word_1_229' title='bbox 700 2766 794 2832; x_wconf 90' lang='lat' dir='ltr'>incipit</span> <span class='ocrx_word' id='word_1_230' title='bbox 813 2780 912 2829; x_wconf 85' lang='lat' dir='ltr'>annos;</span> 
     </span>
     <span class='ocr_line' id='line_1_36' title="bbox 134 2842 846 2911; baseline -0.006 -15"><span class='ocrx_word' id='word_1_231' title='bbox 134 2842 233 2896; x_wconf 83' lang='lat' dir='ltr'>Cetera</span> <span class='ocrx_word' id='word_1_232' title='bbox 250 2861 301 2898; x_wconf 89' lang='lat' dir='ltr'>neo</span> <span class='ocrx_word' id='word_1_233' title='bbox 320 2845 429 2898; x_wconf 85' lang='lat' dir='ltr'>feturae</span> <span class='ocrx_word' id='word_1_234' title='bbox 448 2845 554 2911; x_wconf 89' lang='lat' dir='ltr'>habilis,</span> <span class='ocrx_word' id='word_1_235' title='bbox 575 2861 625 2897; x_wconf 91' lang='lat' dir='ltr'>neo</span> <span class='ocrx_word' id='word_1_236' title='bbox 644 2843 723 2896; x_wconf 85' lang='lat' dir='ltr'>fortis</span> <span class='ocrx_word' id='word_1_237' title='bbox 742 2843 846 2894; x_wconf 89' lang='lat' dir='ltr'>aratris.</span> 
     </span>
    </p>

    <p class='ocr_par' dir='ltr' id='par_1_20' title="bbox 135 2919 861 2991">
     <span class='ocr_line' id='line_1_37' title="bbox 135 2919 861 2991; baseline -0.004 -18"><span class='ocrx_word' id='word_1_238' title='bbox 135 2919 253 2988; x_wconf 84' lang='lat' dir='ltr'>Interea,</span> <span class='ocrx_word' id='word_1_239' title='bbox 274 2927 385 2991; x_wconf 88' lang='lat' dir='ltr'>superat</span> <span class='ocrx_word' id='word_1_240' title='bbox 404 2923 533 2990; x_wconf 83' lang='lat' dir='ltr'>gregibus</span> <span class='ocrx_word' id='word_1_241' title='bbox 555 2922 619 2974; x_wconf 92' lang='lat' dir='ltr'>dum</span> <span class='ocrx_word' id='word_1_242' title='bbox 640 2921 713 2973; x_wconf 88' lang='lat' dir='ltr'>laeta</span> <span class='ocrx_word' id='word_1_243' title='bbox 730 2920 861 2982; x_wconf 84' lang='lat' dir='ltr'>iuventas,</span> 
     </span>
    </p>

    <p class='ocr_par' dir='ltr' id='par_1_21' title="bbox 134 2996 993 3220">
     <span class='ocr_line' id='line_1_38' title="bbox 134 2996 919 3067; baseline -0.005 -17"><span class='ocrx_word' id='word_1_244' title='bbox 134 2997 213 3051; x_wconf 82' lang='lat' dir='ltr'>Solve</span> <span class='ocrx_word' id='word_1_245' title='bbox 233 3015 339 3064; x_wconf 85' lang='lat' dir='ltr'>mares;</span> <span class='ocrx_word' id='word_1_246' title='bbox 358 2999 438 3052; x_wconf 88' lang='lat' dir='ltr'>mitte</span> <span class='ocrx_word' id='word_1_247' title='bbox 456 3000 484 3051; x_wconf 93' lang='lat' dir='ltr'>in</span> <span class='ocrx_word' id='word_1_248' title='bbox 504 2999 644 3051; x_wconf 87' lang='lat' dir='ltr'>Venerem</span> <span class='ocrx_word' id='word_1_249' title='bbox 664 2998 790 3067; x_wconf 88' lang='lat' dir='ltr'>pecuaria</span> <span class='ocrx_word' id='word_1_250' title='bbox 808 2996 919 3064; x_wconf 88' lang='lat' dir='ltr'>primus,</span> 
     </span>
     <span class='ocr_line' id='line_1_39' title="bbox 135 3073 993 3143; baseline -0.008 -15"><span class='ocrx_word' id='word_1_251' title='bbox 135 3077 229 3143; x_wconf 87' lang='lat' dir='ltr'>Atque</span> <span class='ocrx_word' id='word_1_252' title='bbox 249 3075 329 3128; x_wconf 89' lang='lat' dir='ltr'>aliam</span> <span class='ocrx_word' id='word_1_253' title='bbox 349 3093 382 3128; x_wconf 89' lang='lat' dir='ltr'>ex</span> <span class='ocrx_word' id='word_1_254' title='bbox 401 3075 453 3128; x_wconf 89' lang='lat' dir='ltr'>alia</span> <span class='ocrx_word' id='word_1_255' title='bbox 471 3075 628 3142; x_wconf 89' lang='lat' dir='ltr'>generando</span> <span class='ocrx_word' id='word_1_256' title='bbox 648 3075 738 3127; x_wconf 87' lang='lat' dir='ltr'>suffice</span> <span class='ocrx_word' id='word_1_257' title='bbox 758 3073 869 3142; x_wconf 87' lang='lat' dir='ltr'>prolem.</span> <span class='ocrx_word' id='word_1_258' title='bbox 969 3086 993 3122; x_wconf 76' lang='lat' dir='ltr'>os</span> 
     </span>
     <span class='ocr_line' id='line_1_40' title="bbox 134 3148 861 3220; baseline -0.008 -15"><span class='ocrx_word' id='word_1_259' title='bbox 134 3151 257 3219; x_wconf 84' lang='lat' dir='ltr'>Optuma</span> <span class='ocrx_word' id='word_1_260' title='bbox 275 3169 401 3220; x_wconf 85' lang='lat' dir='ltr'>quaeque</span> <span class='ocrx_word' id='word_1_261' title='bbox 420 3152 479 3204; x_wconf 89' lang='lat' dir='ltr'>dies</span> <span class='ocrx_word' id='word_1_262' title='bbox 497 3151 604 3203; x_wconf 91' lang='lat' dir='ltr'>miseris</span> <span class='ocrx_word' id='word_1_263' title='bbox 623 3151 783 3202; x_wconf 88' lang='lat' dir='ltr'>mortalibus</span> <span class='ocrx_word' id='word_1_264' title='bbox 802 3148 861 3200; x_wconf 87' lang='lat' dir='ltr'>aevi</span> 
     </span>
    </p>

    <p class='ocr_par' dir='ltr' id='par_1_22' title="bbox 135 3227 886 3294">
     <span class='ocr_line' id='line_1_41' title="bbox 135 3227 886 3294; baseline -0.005 -14"><span class='ocrx_word' id='word_1_265' title='bbox 135 3228 228 3281; x_wconf 88' lang='lat' dir='ltr'>Prima</span> <span class='ocrx_word' id='word_1_266' title='bbox 245 3227 332 3294; x_wconf 85' lang='lat' dir='ltr'>fugit;</span> <span class='ocrx_word' id='word_1_267' title='bbox 350 3228 467 3280; x_wconf 89' lang='lat' dir='ltr'>subeunt</span> <span class='ocrx_word' id='word_1_268' title='bbox 485 3227 572 3280; x_wconf 89' lang='lat' dir='ltr'>morbi</span> <span class='ocrx_word' id='word_1_269' title='bbox 592 3227 735 3292; x_wconf 86' lang='lat' dir='ltr'>tristisque</span> <span class='ocrx_word' id='word_1_270' title='bbox 754 3228 886 3289; x_wconf 85' lang='lat' dir='ltr'>senectus,</span> 
     </span>
    </p>
   </div>
   <div class='ocr_carea' id='block_1_3' title="bbox 0 0 1138 3562">
    <p class='ocr_par' dir='ltr' id='par_1_23' title="bbox 0 0 1138 3562">
     <span class='ocr_line' id='line_1_42' title="bbox 0 0 1138 3562; baseline 0 0"><span class='ocrx_word' id='word_1_271' title='bbox 0 0 1138 3562; x_wconf 95' lang='lat' dir='ltr'> </span> 
     </span>
    </p>
   </div>
  </div>
 </body>
</html>
