2268 3570
141 170 187 216 328
365 168 394 216 P.
414 167 568 215 VERGILI
586 167 751 215 MARONIS

140 247 225 304 Totae
242 249 311 303 adeo
329 265 474 302 conversae
491 247 570 313 acies,
588 263 737 317 omnesque
757 249 855 317 Latini,

139 325 243 381 Omnes
262 323 443 384 Dardanidae,
463 323 631 390 Mnestheus,
651 341 768 394 acerque
787 326 921 394 Serestus,

143 406 177 458 Et
195 405 337 470 Messapus
355 418 455 470 equum
474 401 600 466 domitor,
619 404 648 454 et
666 402 745 456 fortis
765 403 863 468 Asilas,
956 419 993 458 teo

139 482 342 548 Tuscorumque
361 478 486 548 phalanx,
506 477 681 546 Euandrique
702 480 826 533 Armdes
843 479 910 546 alae,

141 559 194 611 Pro
211 575 241 611 se
259 557 375 626 quisque
393 555 442 606 viri
462 571 567 607 summa
584 555 710 609 nituntur
729 575 810 627 opum
828 559 870 622 vi;

139 635 197 688 Nec
215 651 298 700 mora,
317 649 366 685 nec
383 633 508 699 requies;
526 635 603 684 vasto
622 636 772 688 certamine
791 635 914 688 tendunt.

174 711 228 764 Hic
245 714 364 763 mentem
376 708 488 763 Aeneae
498 709 623 776 genetrix
642 711 824 779 pulcherrima
843 711 924 777 misit,

141 788 199 841 lret
216 791 248 840 ut
266 787 303 839 ad
321 802 419 852 muros,
437 785 554 853 urbique
575 785 736 841 adverteret
754 805 851 856 agrnen
956 805 993 842 aaa

139 864 221 916 Ocius
240 867 269 916 et
287 862 377 915 subita
395 861 520 914 turbaret
538 861 615 914 clade
635 863 754 918 Latinos

139 939 198 1004 llle,
217 944 249 994 ut
266 940 404 1006 vestigans
422 937 530 991 diversa
547 955 598 1006 per
615 940 723 1006 agmina
741 941 861 993 'luruum

139 1017 202 1070 Huc
220 1022 304 1086 atque
321 1015 374 1067 huc
392 1013 464 1068 acics
480 1014 654 1080 circumtulit,
672 1013 771 1083 aspicit
788 1014 884 1070 urbem

141 1092 292 1146 Immunem
311 1093 381 1145 tanti
399 1090 464 1143 belli
482 1094 565 1156 atque
583 1094 685 1158 inpune
706 1095 835 1160 quietam.

139 1169 275 1222 Continuo
293 1185 401 1236 pugnae
419 1165 542 1220 accendit
560 1167 670 1219 maioris
688 1168 792 1236 imago;
956 1184 1002 1220 soa·

140 1244 284 1298 Mnesthea
302 1246 516 1312 Sergestumque
534 1247 613 1296 vocat
632 1243 787 1312 fortemque
805 1245 945 1298 Serestum

142 1320 282 1387 Ductores,
300 1320 491 1388 tumulumque
508 1319 589 1386 capit,
608 1337 662 1386 qua
679 1329 771 1374 cetera
789 1321 922 1374 Teucrum

139 1396 283 1449 Concurrit
301 1397 379 1464 legio,
397 1412 447 1448 nec
465 1397 542 1447 scuta
559 1398 607 1446 aut
625 1397 728 1462 spicula
746 1397 824 1450 densi

140 1472 292 1541 Deponunt.
329 1471 407 1526 Celso
425 1469 532 1524 medius
550 1475 625 1524 stans
644 1489 745 1540 aggere
763 1475 849 1528 fatur:

139 1549 164 1600 N
166 1566 182 1602 e
195 1567 249 1617 qua
260 1551 328 1604 meis
341 1552 400 1603 esto
412 1547 494 1620 dictis
505 1564 596 1613 mora3
612 1548 739 1617 luppiter
755 1550 804 1604 hac
819 1553 886 1613 stat;
956 1567 992 1604 aas

140 1625 200 1680 Neu
219 1628 280 1695 quis
298 1626 333 1680 ob
351 1627 489 1694 inceptum
508 1624 628 1677 subitum
647 1626 712 1677 mihi
732 1627 840 1694 segnior
856 1627 902 1678 ito.

139 1702 243 1756 Urbem
261 1702 350 1768 hodie,
369 1718 491 1755 caussam
509 1700 582 1768 belli,
602 1718 686 1769 regna
707 1703 766 1770 ipsa
786 1703 883 1769 Latini,

140 1778 174 1830 Ni
192 1777 301 1832 frenum
319 1779 441 1846 accipere
459 1781 488 1830 et
505 1778 570 1830 victi
589 1795 687 1846 parere
706 1780 833 1846 fatentur,

141 1854 247 1922 llruam,
267 1858 296 1908 et
313 1871 400 1923 aequa
418 1854 475 1907 solo
492 1853 625 1906 fumantia
645 1855 762 1908 culmina
779 1872 885 1924 ponam.

138 1929 247 1984 Scilicet
265 1935 428 1999 exspectem,
446 1930 531 1983 libeat
549 1931 614 1984 dum
632 1932 735 1998 proelia
754 1932 844 1985 Turno
956 1948 991 1987 ⁵⁷0

139 2007 163 2058 N
166 2010 241 2060 ostra
259 2008 323 2076 pati,
342 2023 491 2075 rursusque
508 2007 574 2060 velit
592 2024 753 2061 concurrere
771 2009 880 2062 victus?

139 2083 200 2136 Hoc
217 2087 307 2151 capnt,
325 2100 341 2136 o
359 2084 439 2150 cives,
458 2083 524 2136 haec
542 2083 605 2136 belli
625 2101 729 2137 summa
747 2085 864 2137 nefandi.

139 2159 222 2212 Ferte
239 2161 311 2214 faces
329 2177 452 2229 propere,
470 2160 620 2228 foedusque
638 2162 773 2229 reposcite
792 2161 914 2214 flammis.

139 2235 260 2304 Dixerat,
279 2242 363 2306 atque
381 2237 478 2290 animis
495 2236 601 2304 pariter
619 2237 788 2289 certantibus
805 2254 898 2289 omnes

139 2312 212 2368 Dant
230 2331 352 2378 cuneum,
371 2314 510 2381 densaque
528 2313 563 2365 ad
582 2329 673 2364 muros
692 2314 761 2366 mole
780 2314 911 2366 feruntur.
956 2329 991 2367 575

138 2389 231 2442 Scalae
249 2390 385 2457 inproviso
404 2389 566 2457 subitusque
584 2389 711 2457 adparuit
730 2390 806 2457 ignis.

138 2463 302 2518 Discurrunt
320 2466 364 2518 alii
383 2465 419 2518 ad
436 2469 531 2532 portas
549 2465 706 2533 primosque
725 2465 871 2533 trucidant,

139 2541 254 2594 Ferrum
272 2541 317 2594 alii
335 2545 465 2608 torquent
483 2545 512 2593 et
530 2540 694 2593 obumbrant
712 2542 825 2595 aethera
843 2543 911 2596 telis.

140 2619 203 2686 lpse
221 2617 293 2670 iuter
310 2618 412 2684 primos
430 2616 556 2670 dextram
575 2617 626 2669 sub
644 2618 750 2669 moenia
768 2619 858 2672 tendit

140 2697 255 2759 Aeneas,
274 2710 425 2761 irragnaque
444 2694 550 2746 incusat
567 2710 632 2746 voce
652 2693 787 2760 Latinum,
956 2710 992 2747 teo

138 2769 321 2838 'laetaturque
339 2769 405 2822 deos
423 2771 523 2823 iterum
542 2787 571 2823 se
589 2769 625 2822 ad
643 2770 745 2839 proelia
762 2772 830 2840 cogi,

141 2845 187 2897 Bis
204 2847 258 2898 iam
279 2846 364 2900 Italos
382 2845 474 2910 hostis
494 2846 562 2900 haec
580 2847 633 2899 iam
653 2847 740 2900 altera
762 2847 873 2900 foedera
893 2846 989 2914 rumpi

139 2922 268 2976 Exoritur
286 2924 408 2993 trepidos
426 2924 499 2978 inter
518 2922 654 2976 discordia
672 2924 751 2977 civis:

140 2998 242 3052 Urbem
261 3000 306 3053 alii
325 3019 448 3055 reserare
466 2999 562 3054 iubent
580 3003 608 3053 et
625 3000 746 3066 pandere
763 3003 856 3069 portas

139 3074 313 3144 Dardanidis
331 3078 474 3146 ipsumque
492 3077 606 3131 trahunt
623 3077 651 3129 in
669 3077 775 3130 moenia
792 3093 900 3144 regem;
955 3091 991 3130 tur

140 3153 226 3204 Arma
243 3152 336 3206 ferunt
354 3153 398 3206 alii
417 3159 445 3207 et
463 3157 581 3221 pergunt
599 3152 747 3207 defendere
765 3166 869 3204 muros:

142 3226 264 3281 Inclusas
282 3236 314 3283 ut
332 3245 393 3283 cum
412 3229 548 3283 latebroso
566 3230 594 3282 in
612 3229 719 3297 pumice
738 3229 830 3296 pastor
