2278 3568
348 562 378 611 P.
397 562 552 612 VERGILI
571 561 737 612 MARONIS

310 728 786 804 AENEIDOS

391 919 509 974 LIBER
528 917 705 984 QUINTUS.

497 1078 599 1109 —4—

123 1193 249 1250 lurnaun
269 1197 388 1250 medium
409 1202 518 1252 Aeneas
535 1200 589 1253 iam
608 1198 693 1251 classe
712 1196 824 1250 tenebat

122 1271 221 1326 Certus
238 1274 298 1339 iter,
317 1273 470 1341 fluctusque
488 1279 562 1327 atres
580 1274 706 1340 aquilone
725 1272 841 1339 secabat,

121 1348 230 1402 Moenia
248 1349 402 1417 respiciens,
422 1367 492 1417 quae
509 1351 563 1402 iam
581 1348 695 1401 infelicis
715 1347 819 1402 Elissae

121 1425 270 1479 Conlucent
288 1425 410 1478 flammis.
449 1425 525 1489 Quae
543 1428 652 1478 tantum
670 1423 827 1479 accenderit
844 1428 944 1495 ignem,

122 1501 223 1555 Caussa
241 1502 324 1566 latet;
342 1501 403 1554 duri
421 1518 520 1569 magno
539 1501 588 1554 sed
606 1517 698 1554 amore
717 1499 825 1555 dolores
962 1517 975 1556 ε

123 1577 237 1644 Polluto,
255 1581 411 1647 notumque,
429 1578 523 1631 furens
541 1577 607 1646 quid
625 1577 725 1630 femina
744 1579 837 1646 possit,

121 1654 210 1709 Triste
229 1672 278 1724 per
295 1655 438 1723 augurium
458 1654 623 1708 Teucrorum
642 1658 752 1722 pectora
770 1653 881 1708 ducunt.

155 1732 195 1786 Ut
213 1733 324 1800 pelagus
342 1736 456 1785 tenuere
474 1737 554 1799 rates,
574 1747 623 1784 nec
641 1731 695 1783 iam
714 1729 829 1798 amplius
846 1731 902 1784 ulla

105 1808 248 1862 ‘Occurrit
266 1810 353 1876 tellus,
372 1810 458 1862 maria
475 1809 597 1877 undique
616 1811 644 1860 et
662 1807 784 1876 undique
802 1806 915 1874 caelum,
938 1847 941 1854 .

121 1885 174 1939 Olli
192 1886 331 1940 caeruleus
350 1903 433 1954 supra
450 1889 533 1954 caput
553 1884 663 1942 adstitit
681 1882 776 1948 imber,
950 1897 974 1935 1o

121 1961 236 2016 Noctem
255 1962 426 2030 hiememque
445 1962 542 2027 serens,
557 1964 586 2014 et
602 1959 737 2013 inhorruit
754 1957 828 2011 unda
845 1957 973 2012 tenebris.

121 2038 185 2107 lpse
202 2038 370 2106 gubernator
387 2037 470 2106 puppi
491 2037 634 2090 Palinurus
653 2036 688 2089 ab
707 2035 775 2089 alta:

122 2114 198 2168 Heu!
219 2116 344 2184 quianam
363 2114 433 2167 tanti
451 2114 595 2167 cinxerunt
613 2113 726 2166 aethera
743 2111 847 2166 nimbil

121 2190 233 2258 Quidve,
251 2195 331 2261 pater
348 2191 484 2260 Neptune,
502 2193 597 2259 parasl
634 2190 678 2244 Sic
696 2189 796 2242 deiude
814 2189 920 2241 locutus

121 2267 255 2335 Colligere
272 2285 349 2320 arma
365 2267 442 2321 iubet
460 2268 611 2336 validisque
629 2265 786 2319 incumbere
805 2266 895 2326 remis,
953 2277 977 2316 15

121 2343 306 2413 Obliquatque
324 2345 398 2396 sinus
415 2345 442 2396 iu
462 2349 581 2412 rentum,
600 2359 631 2394 ac
649 2343 715 2395 talia
733 2342 820 2395 fatur:

120 2419 293 2487 Magnanimo
313 2422 416 2487 Aenea,
434 2435 494 2483 nen,
513 2421 535 2472 si
555 2419 621 2471 mihi
640 2419 766 2486 luppiter
785 2420 879 2469 auctor

120 2495 266 2564 Spondeat
284 2495 334 2548 hoe
353 2512 460 2563 sperem
480 2495 587 2549 Italiam
608 2493 765 2560 contingere
784 2492 866 2544 caelo.

120 2571 220 2625 Mutati
239 2575 394 2625 transversa
412 2571 532 2624 fremunt
551 2575 580 2623 et
598 2587 713 2638 vespere
734 2567 769 2621 ab
787 2572 848 2620 etro

120 2648 293 2715 Consurgunt
311 2647 393 2710 venti,
412 2651 496 2716 atque
514 2647 542 2699 in
560 2645 660 2699 nubem
679 2645 785 2714 cogitur
803 2661 855 2698 aer.
955 2656 978 2696 ae

121 2723 178 2777 Nec
195 2739 244 2776 nos
262 2723 348 2776 obniti
367 2727 469 2792 centra,
487 2741 536 2776 nec
555 2722 671 2776 tendere
693 2725 800 2775 tantum

120 2799 278 2853 Sufficimus.
313 2800 431 2868 Superat
449 2801 575 2869 quoniam
594 2799 723 2865 Fortuna,
744 2813 897 2866 sequamur,

120 2878 233 2945 Quoque
251 2881 336 2944 vocat,
354 2881 492 2931 vertamus
510 2878 569 2930 iter⁴
608 2875 665 2930 Nec
682 2874 764 2928 litora
782 2873 862 2940 louge

120 2953 188 3006 luda
206 2970 268 3008 reor
285 2953 408 3008 fraterna
428 2954 522 3023 llrycis
540 2958 691 3021 portusque
710 2951 828 3018 Sicanos,

119 3030 147 3082 si
165 3031 245 3083 modo
263 3030 316 3083 rite
335 3046 438 3084 memor
457 3034 564 3083 servata
583 3030 713 3082 remetior
731 3031 811 3081 astra.
954 3041 976 3080 a

119 3107 186 3160 l'um
205 3108 264 3176 pius
284 3109 405 3160 Aeneas:
425 3106 562 3176 Equidem
582 3105 620 3159 sic
638 3121 750 3174 poscere
769 3106 863 3156 ventos

120 3182 283 3238 Iamdudum
303 3187 332 3237 et
350 3183 453 3237 frustra
471 3199 552 3237 cerno
570 3185 600 3236 te
618 3181 733 3236 tendere
751 3183 854 3234 contra.

119 3259 212 3314 Flecte
231 3261 299 3312 viam
318 3259 393 3314 velis.
429 3261 473 3314 An
492 3261 528 3315 sit
545 3259 611 3312 mihi
629 3259 734 3326 gratior
750 3255 812 3310 ulla.
