2278 3568
429 175 614 225 AENEIDOS
632 177 702 225 LlB.
726 176 755 224 V.
975 177 1018 224 161

172 257 265 321 Quove
282 257 369 324 magis
387 257 472 310 fessas
490 259 582 326 optem
601 257 747 311 demittere
765 257 849 325 navis,

171 332 258 396 Quam
276 350 346 402 quae
365 333 533 386 Dardanium
551 333 633 387 tellus
651 333 716 386 milri
734 338 826 388 servat
845 335 972 402 Acesten,
1000 347 1022 387 se

171 409 207 462 Et
225 411 312 478 patris
332 409 468 464 Anchisae
486 411 590 478 gremio
609 410 790 479 conplectitur
809 413 884 466 ossal

172 487 248 540 Haec
264 487 312 540 ubi
330 487 411 555 dicta,
429 492 528 556 petunt
546 492 648 556 portus,
667 492 696 542 et
713 488 774 542 vela
791 489 902 543 secundi

172 563 323 618 intendunt
342 565 472 632 Zeplryri;
489 565 578 618 fertur
595 566 651 618 cita
667 566 777 633 gurgite
796 567 896 634 classis,

170 639 207 694 ut
224 641 335 694 tandem
353 641 419 694 laeti
436 646 518 694 notae
536 642 718 696 advertuntur
735 659 841 697 arenae.

207 721 246 772 At
263 718 358 788 procul
376 718 482 771 excelso
501 719 615 772 miratus
633 720 736 772 vertice
754 719 853 773 montis
1000 729 1024 769 ss

171 794 329 848 Adventum
348 795 487 862 sociasque
506 799 579 848 rates
597 796 714 849 occurrit
734 800 858 863 Acestes,

172 871 307 924 Horridus
324 871 353 923 in
370 871 463 924 iaculis
481 875 511 924 et
529 872 599 938 pelle
619 872 768 940 Libystidis
785 889 873 940 ursae,

170 946 250 1000 Troia
268 947 382 1000 Crimisa
401 951 560 1014 conceptum
579 945 689 1000 flumine
707 953 796 1002 mater
818 1015 819 1018 Ἴ

170 1021 257 1086 Quem
274 1023 376 1089 genuit.
413 1022 547 1076 Veterum
566 1039 618 1076 non
637 1025 770 1077 inmemor
786 1025 833 1080 ille
850 1029 996 1096 pareutum

170 1100 303 1153 Gratatur
319 1099 435 1152 reduces
453 1105 482 1154 et
499 1117 566 1167 gaza
584 1099 672 1155 luctus
689 1103 791 1170 agresti
922 1152 926 1164 ,
998 1117 1023 1158 le

78 1209 80 1212 -
170 1175 285 1245 Excipit,
303 1193 335 1230 ac
352 1176 437 1230 fessos
455 1177 552 1245 opibus
570 1178 673 1232 solatur
690 1179 790 1234 amicis.

204 1253 319 1308 Postera
337 1270 398 1306 euru
416 1254 503 1322 primo
521 1255 615 1308 stollas
633 1255 747 1310 Oriente
764 1257 872 1324 fugarat

170 1329 250 1383 Clara
268 1331 335 1397 dies,
355 1331 440 1384 socios
458 1331 487 1383 in
505 1336 613 1384 coetum
631 1332 712 1386 litore
731 1333 766 1386 ab
784 1334 856 1386 omni

170 1406 295 1460 Advocat
317 1411 431 1474 Aeneas,
450 1409 602 1476 tumulique
620 1426 654 1462 eu
673 1411 876 1478 aggerebatur:

169 1481 344 1536 Dardanidae
362 1485 460 1552 magni,
479 1502 565 1552 genus
583 1487 638 1538 alto
657 1502 673 1538 a
691 1488 822 1554 sanguine
841 1487 941 1554 divom,
998 1501 1022 1540 45

169 1559 285 1612 Annuus
304 1560 407 1612 exactis
425 1561 566 1627 conpletur
584 1561 723 1614 mensibus
742 1563 822 1630 orbis,

169 1633 211 1686 Ex
229 1652 283 1702 quo
301 1635 430 1702 reliquias
451 1635 592 1704 divinique
610 1653 672 1689 ossa
689 1639 811 1704 parentis

170 1710 349 1764 Condidimus
366 1715 442 1764 terra
460 1715 632 1780 maestasque
652 1715 817 1768 sacravimus
836 1731 904 1770 aras.

71 1781 73 1784 ’
170 1787 284 1856 Iamque
302 1788 368 1855 dies,
387 1788 438 1841 nisi
456 1787 542 1855 fallar,
560 1789 646 1855 adest,
663 1805 744 1857 quern
761 1807 869 1860 semper
885 1790 1022 1856 acerbum,

169 1865 283 1934 Semper
300 1865 537 1918 honoratum-sic
556 1865 584 1918 di
603 1867 876 1921 voluistis-habebo.
958 1894 963 1904 ·
998 1881 1022 1918 so

169 1941 250 1996 Hunc
268 1959 318 2010 ego
337 1942 460 1995 Gaetulis
478 1960 588 2011 agerem
607 1943 629 1996 si
649 1943 773 2011 Syrtibus
791 1944 876 2011 exsul,

169 2019 330 2086 Argolicove
349 2019 417 2071 mari
435 2019 586 2087 deprensus
604 2024 633 2073 et
652 2020 719 2074 urbe
737 2021 874 2088 Mycenae,

169 2096 269 2148 Annua
286 2101 350 2148 vota
367 2099 460 2148 tamen
479 2096 671 2163 sollemnisque
688 2097 784 2149 ordine
801 2113 931 2166 pompae.

168 2170 349 2238 Exsequerer‚
368 2177 557 2239 strueremque
576 2173 631 2224 suis
649 2173 746 2226 alteria
764 2173 849 2226 donis.

168 2247 247 2300 Nunc
266 2248 338 2300 ultro
357 2249 392 2300 ad
411 2247 517 2300 cineres
535 2248 619 2316 ipsius
638 2253 666 2302 et
684 2266 745 2302 ossa
762 2249 890 2318 parentis,
999 2263 1023 2301 ss

169 2323 253 2376 Haud
271 2323 399 2390 equidem
418 2324 475 2386 siue
493 2329 585 2378 me'nte
603 2342 672 2392 reor,
692 2326 749 2379 sine
767 2325 877 2382 numine
895 2325 993 2391 divom,

169 2401 309 2454 Adsumus
327 2405 355 2454 et
373 2404 470 2468 portus
489 2401 574 2455 delati
591 2402 725 2455 intramus
742 2402 850 2456 amicos.

168 2477 242 2545 llrgo
260 2478 342 2545 agite,
362 2483 391 2531 et
408 2479 511 2532 laetum
529 2479 620 2532 cuncti
638 2479 807 2533 celebremus
825 2479 971 2544 honorem;

168 2552 314 2608 Poseamus
333 2560 435 2624 ventos
454 2559 538 2624 atque
556 2556 622 2609 hacc
640 2573 684 2610 me
703 2573 780 2610 sacra
798 2559 864 2624 quot
883 2555 959 2609 aunis

167 2631 243 2686 Urbe
263 2633 327 2686 velit
345 2635 434 2702 posita
453 2633 563 2702 templis
582 2633 633 2686 sibi
652 2634 724 2687 ferre
744 2633 847 2686 dicatis.
997 2646 1022 2684 oe

168 2709 237 2762 Bina
255 2709 336 2762 boum
356 2711 431 2763 vobis
450 2710 531 2762 Troia
548 2714 695 2778 generatus
717 2711 832 2763 Acestes

167 2780 223 2840 Dat
241 2803 353 2839 numero
371 2787 460 2854 capita
478 2788 506 2838 in
524 2787 615 2850 navis;
634 2787 764 2840 adhibete
785 2785 895 2838 Penatis

168 2860 204 2916 llt
222 2862 325 2932 patrios
344 2862 431 2930 epulis
449 2866 477 2915 et
496 2879 563 2930 quos
582 2863 646 2916 colit
664 2863 763 2931 hospes
785 2864 907 2914 Acestes.

167 2938 323 3006 Praeterea,
341 2939 364 2990 si
381 2955 452 2990 nona
470 2938 543 2990 diem
562 2939 722 2992 mortalibus
740 2939 841 2992 almum

168 3017 276 3070 Aurora
295 3014 425 3068 extulerit
444 3015 581 3083 radiisque
598 3016 733 3068 retexerit
751 3015 853 3081 orbem,
1000 3025 1024 3064 se

168 3092 260 3146 Prima
276 3092 347 3145 citae
365 3091 477 3144 Teucris
494 3107 593 3159 ponam
611 3092 760 3144 certamina
777 3091 884 3156 classis;

169 3168 275 3238 Quique
292 3167 394 3236 pedum
413 3181 493 3220 cursu
512 3168 593 3234 valet,
613 3171 642 3221 et
660 3168 706 3236 qui
724 3167 826 3221 viribus
843 3165 934 3220 audax

169 3247 227 3300 Ant
244 3245 331 3300 iaculo
348 3243 452 3298 incedit
469 3245 566 3299 melior
583 3245 743 3314 levibusque
761 3244 878 3313 sagittis,
