<?xml version="1.0" encoding="UTF-8"?>
<!DOCTYPE html PUBLIC "-//W3C//DTD XHTML 1.0 Transitional//EN"
    "http://www.w3.org/TR/xhtml1/DTD/xhtml1-transitional.dtd">
<html xmlns="http://www.w3.org/1999/xhtml" xml:lang="en" lang="en">
 <head>
  <title>
</title>
<meta http-equiv="Content-Type" content="text/html;charset=utf-8" />
  <meta name='ocr-system' content='tesseract 3.04.00' />
  <meta name='ocr-capabilities' content='ocr_page ocr_carea ocr_par ocr_line ocrx_word'/>
</head>
<body>
  <div class='ocr_page' id='page_1' title='image "./operaexrecensio01virggoog_0077.png"; bbox 0 0 2266 3562; ppageno 0'>
   <div class='ocr_carea' id='block_1_1' title="bbox 117 152 728 202">
    <p class='ocr_par' dir='ltr' id='par_1_1' title="bbox 117 152 728 202">
     <span class='ocr_line' id='line_1_1' title="bbox 117 152 728 202; baseline 0 -1"><span class='ocrx_word' id='word_1_1' title='bbox 117 154 147 201; x_wconf 87' lang='grc'><strong>66</strong></span> <span class='ocrx_word' id='word_1_2' title='bbox 353 152 557 202; x_wconf 80' lang='lat' dir='ltr'><strong>GEOItGICON</strong></span> <span class='ocrx_word' id='word_1_3' title='bbox 581 153 648 202; x_wconf 81' lang='lat' dir='ltr'>LIB.</span> <span class='ocrx_word' id='word_1_4' title='bbox 675 153 728 202; x_wconf 89' lang='lat' dir='ltr'><strong>lll.</strong></span> 
     </span>
    </p>
   </div>
   <div class='ocr_carea' id='block_1_2' title="bbox 114 231 968 1917">
    <p class='ocr_par' dir='ltr' id='par_1_2' title="bbox 118 231 968 378">
     <span class='ocr_line' id='line_1_2' title="bbox 118 231 968 301; baseline 0.006 -18"><span class='ocrx_word' id='word_1_5' title='bbox 118 231 227 300; x_wconf 80' lang='lat' dir='ltr'>Vipera,</span> <span class='ocrx_word' id='word_1_6' title='bbox 247 236 277 284; x_wconf 84' lang='lat' dir='ltr'><strong>et</strong></span> <span class='ocrx_word' id='word_1_7' title='bbox 293 231 402 285; x_wconf 80' lang='lat' dir='ltr'><strong>attoniti</strong></span> <span class='ocrx_word' id='word_1_8' title='bbox 423 232 543 300; x_wconf 81' lang='lat' dir='ltr'>squamis</span> <span class='ocrx_word' id='word_1_9' title='bbox 562 233 736 286; x_wconf 80' lang='lat' dir='ltr'>adstantibus</span> <span class='ocrx_word' id='word_1_10' title='bbox 755 235 840 301; x_wconf 81' lang='lat' dir='ltr'><strong>hydri.</strong></span> <span class='ocrx_word' id='word_1_11' title='bbox 932 249 968 288; x_wconf 76' lang='lat' dir='ltr'><strong>su</strong></span> 
     </span>
     <span class='ocr_line' id='line_1_3' title="bbox 118 309 760 378; baseline 0.003 -16"><span class='ocrx_word' id='word_1_12' title='bbox 118 309 189 378; x_wconf 84' lang='lat' dir='ltr'>Ipsis</span> <span class='ocrx_word' id='word_1_13' title='bbox 207 312 250 361; x_wconf 86' lang='lat' dir='ltr'><strong>est</strong></span> <span class='ocrx_word' id='word_1_14' title='bbox 267 325 315 362; x_wconf 87' lang='lat' dir='ltr'><strong>aer</strong></span> <span class='ocrx_word' id='word_1_15' title='bbox 333 309 430 362; x_wconf 83' lang='lat' dir='ltr'><strong>avibus</strong></span> <span class='ocrx_word' id='word_1_16' title='bbox 449 325 502 362; x_wconf 94' lang='lat' dir='ltr'><strong>non</strong></span> <span class='ocrx_word' id='word_1_17' title='bbox 520 325 632 378; x_wconf 85' lang='lat' dir='ltr'><strong>aequus,</strong></span> <span class='ocrx_word' id='word_1_18' title='bbox 651 317 680 364; x_wconf 93' lang='lat' dir='ltr'><strong>et</strong></span> <span class='ocrx_word' id='word_1_19' title='bbox 698 310 760 364; x_wconf 89' lang='lat' dir='ltr'><strong>illae</strong></span> 
     </span>
    </p>

    <p class='ocr_par' dir='ltr' id='par_1_3' title="bbox 115 381 968 763">
     <span class='ocr_line' id='line_1_4' title="bbox 118 381 804 455; baseline 0.004 -17"><span class='ocrx_word' id='word_1_20' title='bbox 118 385 284 454; x_wconf 83' lang='lat' dir='ltr'><strong>Praecipites</strong></span> <span class='ocrx_word' id='word_1_21' title='bbox 301 386 358 439; x_wconf 81' lang='lat' dir='ltr'><strong>alta</strong></span> <span class='ocrx_word' id='word_1_22' title='bbox 376 381 459 438; x_wconf 72' lang='lat' dir='ltr'><strong>ritarn</strong></span> <span class='ocrx_word' id='word_1_23' title='bbox 479 386 530 440; x_wconf 90' lang='lat' dir='ltr'><strong>sub</strong></span> <span class='ocrx_word' id='word_1_24' title='bbox 549 387 620 440; x_wconf 90' lang='lat' dir='ltr'><strong>nube</strong></span> <span class='ocrx_word' id='word_1_25' title='bbox 639 387 804 455; x_wconf 74' lang='lat' dir='ltr'><strong>relinquunt</strong></span> 
     </span>
     <span class='ocr_line' id='line_1_5' title="bbox 118 463 751 531; baseline 0 -14"><span class='ocrx_word' id='word_1_26' title='bbox 118 464 263 517; x_wconf 86' lang='lat' dir='ltr'><strong>Praeterea</strong></span> <span class='ocrx_word' id='word_1_27' title='bbox 282 464 335 516; x_wconf 88' lang='lat' dir='ltr'><strong>ianr</strong></span> <span class='ocrx_word' id='word_1_28' title='bbox 355 479 403 516; x_wconf 88' lang='lat' dir='ltr'><strong>nee</strong></span> <span class='ocrx_word' id='word_1_29' title='bbox 423 464 522 516; x_wconf 76' lang='lat' dir='ltr'><strong>inuitari</strong></span> <span class='ocrx_word' id='word_1_30' title='bbox 541 463 642 531; x_wconf 89' lang='lat' dir='ltr'><strong>pabula</strong></span> <span class='ocrx_word' id='word_1_31' title='bbox 661 464 751 530; x_wconf 78' lang='lat' dir='ltr'><strong>refert,</strong></span> 
     </span>
     <span class='ocr_line' id='line_1_6' title="bbox 117 541 817 610; baseline 0.001 -16"><span class='ocrx_word' id='word_1_32' title='bbox 117 541 317 608; x_wconf 86' lang='lat' dir='ltr'><strong>Quaesitaeque</strong></span> <span class='ocrx_word' id='word_1_33' title='bbox 334 544 433 592; x_wconf 91' lang='lat' dir='ltr'><strong>uoeent</strong></span> <span class='ocrx_word' id='word_1_34' title='bbox 451 544 540 604; x_wconf 87' lang='lat' dir='ltr'><strong>artes;</strong></span> <span class='ocrx_word' id='word_1_35' title='bbox 562 557 669 594; x_wconf 88' lang='lat' dir='ltr'><strong>cessere</strong></span> <span class='ocrx_word' id='word_1_36' title='bbox 686 542 817 610; x_wconf 79' lang='lat' dir='ltr'><strong>magistri,</strong></span> 
     </span>
     <span class='ocr_line' id='line_1_7' title="bbox 116 615 968 686; baseline 0.004 -15"><span class='ocrx_word' id='word_1_37' title='bbox 116 616 278 685; x_wconf 83' lang='lat' dir='ltr'><strong>Phillyrides</strong></span> <span class='ocrx_word' id='word_1_38' title='bbox 298 615 399 669; x_wconf 84' lang='lat' dir='ltr'><strong>Chiron</strong></span> <span class='ocrx_word' id='word_1_39' title='bbox 422 617 672 685; x_wconf 76' lang='lat' dir='ltr'><strong>Anqtlraoniusquo</strong></span> <span class='ocrx_word' id='word_1_40' title='bbox 692 617 850 686; x_wconf 86' lang='lat' dir='ltr'><strong>blelarnpus.</strong></span> <span class='ocrx_word' id='word_1_41' title='bbox 933 635 968 674; x_wconf 73' lang='lat' dir='ltr'><strong>sn</strong></span> 
     </span>
     <span class='ocr_line' id='line_1_8' title="bbox 115 693 789 763; baseline -0.004 -14"><span class='ocrx_word' id='word_1_42' title='bbox 115 695 214 761; x_wconf 78' lang='lat' dir='ltr'><strong>Saevit,</strong></span> <span class='ocrx_word' id='word_1_43' title='bbox 233 699 262 748; x_wconf 91' lang='lat' dir='ltr'><strong>et</strong></span> <span class='ocrx_word' id='word_1_44' title='bbox 280 694 307 748; x_wconf 91' lang='lat' dir='ltr'><strong>iu</strong></span> <span class='ocrx_word' id='word_1_45' title='bbox 326 693 413 746; x_wconf 89' lang='lat' dir='ltr'><strong>lueern</strong></span> <span class='ocrx_word' id='word_1_46' title='bbox 433 694 532 763; x_wconf 79' lang='lat' dir='ltr'><strong>Stygiis</strong></span> <span class='ocrx_word' id='word_1_47' title='bbox 551 695 649 748; x_wconf 88' lang='lat' dir='ltr'><strong>eurissa</strong></span> <span class='ocrx_word' id='word_1_48' title='bbox 668 695 789 748; x_wconf 87' lang='lat' dir='ltr'><strong>tenebris</strong></span> 
     </span>
    </p>

    <p class='ocr_par' dir='ltr' id='par_1_4' title="bbox 116 770 863 917">
     <span class='ocr_line' id='line_1_9' title="bbox 116 770 863 839; baseline 0 -14"><span class='ocrx_word' id='word_1_49' title='bbox 116 772 221 825; x_wconf 75' lang='lat' dir='ltr'><strong>Pallida</strong></span> <span class='ocrx_word' id='word_1_50' title='bbox 240 770 386 839; x_wconf 83' lang='lat' dir='ltr'><strong>&#39;lisiplrone</strong></span> <span class='ocrx_word' id='word_1_51' title='bbox 405 770 516 824; x_wconf 89' lang='lat' dir='ltr'><strong>Morbos</strong></span> <span class='ocrx_word' id='word_1_52' title='bbox 535 772 674 838; x_wconf 87' lang='lat' dir='ltr'><strong>agitante</strong></span> <span class='ocrx_word' id='word_1_53' title='bbox 694 771 863 838; x_wconf 86' lang='lat' dir='ltr'><strong>Metumque,</strong></span> 
     </span>
     <span class='ocr_line' id='line_1_10' title="bbox 116 846 849 917; baseline -0.001 -15"><span class='ocrx_word' id='word_1_54' title='bbox 116 849 204 917; x_wconf 85' lang='lat' dir='ltr'><strong>Inque</strong></span> <span class='ocrx_word' id='word_1_55' title='bbox 223 848 281 901; x_wconf 71' lang='lat' dir='ltr'><strong>elios</strong></span> <span class='ocrx_word' id='word_1_56' title='bbox 299 848 409 901; x_wconf 68' lang='lat' dir='ltr'><strong>aviilurn</strong></span> <span class='ocrx_word' id='word_1_57' title='bbox 430 864 543 916; x_wconf 86' lang='lat' dir='ltr'><strong>surgens</strong></span> <span class='ocrx_word' id='word_1_58' title='bbox 563 851 646 915; x_wconf 83' lang='lat' dir='ltr'><strong>eaput</strong></span> <span class='ocrx_word' id='word_1_59' title='bbox 664 846 746 901; x_wconf 83' lang='lat' dir='ltr'><strong>ultius</strong></span> <span class='ocrx_word' id='word_1_60' title='bbox 764 847 849 901; x_wconf 82' lang='lat' dir='ltr'><strong>effert.</strong></span> 
     </span>
    </p>

    <p class='ocr_par' dir='ltr' id='par_1_5' title="bbox 115 923 967 1223">
     <span class='ocr_line' id='line_1_11' title="bbox 115 923 808 994; baseline -0.003 -16"><span class='ocrx_word' id='word_1_61' title='bbox 115 925 213 979; x_wconf 88' lang='lat' dir='ltr'><strong>Balatu</strong></span> <span class='ocrx_word' id='word_1_62' title='bbox 232 942 359 994; x_wconf 87' lang='lat' dir='ltr'><strong>peeorunr</strong></span> <span class='ocrx_word' id='word_1_63' title='bbox 379 929 407 978; x_wconf 88' lang='lat' dir='ltr'><strong>et</strong></span> <span class='ocrx_word' id='word_1_64' title='bbox 425 924 528 978; x_wconf 83' lang='lat' dir='ltr'><strong>crebris</strong></span> <span class='ocrx_word' id='word_1_65' title='bbox 547 923 697 991; x_wconf 85' lang='lat' dir='ltr'><strong>mugitibus</strong></span> <span class='ocrx_word' id='word_1_66' title='bbox 715 940 808 976; x_wconf 87' lang='lat' dir='ltr'><strong>arnnos</strong></span> 
     </span>
     <span class='ocr_line' id='line_1_12' title="bbox 116 1001 967 1071; baseline -0.001 -15"><span class='ocrx_word' id='word_1_67' title='bbox 116 1005 288 1071; x_wconf 82' lang='lat' dir='ltr'><strong>Arentesque</strong></span> <span class='ocrx_word' id='word_1_68' title='bbox 307 1007 403 1055; x_wconf 84' lang='lat' dir='ltr'><strong>sonunt</strong></span> <span class='ocrx_word' id='word_1_69' title='bbox 422 1001 497 1070; x_wconf 85' lang='lat' dir='ltr'><strong>ripae</strong></span> <span class='ocrx_word' id='word_1_70' title='bbox 515 1001 653 1068; x_wconf 87' lang='lat' dir='ltr'><strong>collesque</strong></span> <span class='ocrx_word' id='word_1_71' title='bbox 673 1001 768 1068; x_wconf 88' lang='lat' dir='ltr'><strong>supini.</strong></span> <span class='ocrx_word' id='word_1_72' title='bbox 932 1016 967 1055; x_wconf 76' lang='lat' dir='ltr'><strong>fas</strong></span> 
     </span>
     <span class='ocr_line' id='line_1_13' title="bbox 116 1077 930 1148; baseline 0 -17"><span class='ocrx_word' id='word_1_73' title='bbox 116 1079 230 1148; x_wconf 85' lang='lat' dir='ltr'><strong>Iamque</strong></span> <span class='ocrx_word' id='word_1_74' title='bbox 247 1080 407 1133; x_wconf 85' lang='lat' dir='ltr'><strong>catervatim</strong></span> <span class='ocrx_word' id='word_1_75' title='bbox 426 1077 475 1131; x_wconf 84' lang='lat' dir='ltr'><strong>dut</strong></span> <span class='ocrx_word' id='word_1_76' title='bbox 493 1081 613 1145; x_wconf 87' lang='lat' dir='ltr'><strong>stragem</strong></span> <span class='ocrx_word' id='word_1_77' title='bbox 632 1081 715 1145; x_wconf 88' lang='lat' dir='ltr'><strong>atque</strong></span> <span class='ocrx_word' id='word_1_78' title='bbox 734 1080 848 1145; x_wconf 83' lang='lat' dir='ltr'><strong>aggerat</strong></span> <span class='ocrx_word' id='word_1_79' title='bbox 865 1077 930 1144; x_wconf 85' lang='lat' dir='ltr'><strong>ipsis</strong></span> 
     </span>
     <span class='ocr_line' id='line_1_14' title="bbox 115 1153 737 1223; baseline -0.003 -15"><span class='ocrx_word' id='word_1_80' title='bbox 115 1155 148 1208; x_wconf 93' lang='lat' dir='ltr'><strong>lu</strong></span> <span class='ocrx_word' id='word_1_81' title='bbox 167 1155 282 1209; x_wconf 72' lang='lat' dir='ltr'><strong>stabulis</strong></span> <span class='ocrx_word' id='word_1_82' title='bbox 299 1155 372 1223; x_wconf 86' lang='lat' dir='ltr'><strong>turpi</strong></span> <span class='ocrx_word' id='word_1_83' title='bbox 392 1155 497 1221; x_wconf 84' lang='lat' dir='ltr'><strong>dilapsa</strong></span> <span class='ocrx_word' id='word_1_84' title='bbox 515 1153 648 1206; x_wconf 85' lang='lat' dir='ltr'><strong>cadavera</strong></span> <span class='ocrx_word' id='word_1_85' title='bbox 666 1153 737 1219; x_wconf 88' lang='lat' dir='ltr'><strong>tabo,</strong></span> 
     </span>
    </p>

    <p class='ocr_par' dir='ltr' id='par_1_6' title="bbox 115 1229 886 1298">
     <span class='ocr_line' id='line_1_15' title="bbox 115 1229 886 1298; baseline 0.003 -14"><span class='ocrx_word' id='word_1_86' title='bbox 115 1231 207 1285; x_wconf 85' lang='lat' dir='ltr'><strong>Donec</strong></span> <span class='ocrx_word' id='word_1_87' title='bbox 225 1231 306 1284; x_wconf 85' lang='lat' dir='ltr'><strong>burno</strong></span> <span class='ocrx_word' id='word_1_88' title='bbox 325 1235 420 1298; x_wconf 87' lang='lat' dir='ltr'><strong>tegere</strong></span> <span class='ocrx_word' id='word_1_89' title='bbox 438 1246 468 1282; x_wconf 90' lang='lat' dir='ltr'><strong>ae</strong></span> <span class='ocrx_word' id='word_1_90' title='bbox 487 1230 570 1283; x_wconf 81' lang='lat' dir='ltr'><strong>foveis</strong></span> <span class='ocrx_word' id='word_1_91' title='bbox 588 1229 754 1283; x_wconf 83' lang='lat' dir='ltr'><strong>abscondere</strong></span> <span class='ocrx_word' id='word_1_92' title='bbox 772 1231 886 1286; x_wconf 84' lang='lat' dir='ltr'><strong>diseunt.</strong></span> 
     </span>
    </p>

    <p class='ocr_par' dir='ltr' id='par_1_7' title="bbox 114 1307 965 1530">
     <span class='ocr_line' id='line_1_16' title="bbox 114 1307 916 1377; baseline 0.005 -17"><span class='ocrx_word' id='word_1_93' title='bbox 114 1308 140 1360; x_wconf 93' lang='lat' dir='ltr'><strong>N</strong></span> <span class='ocrx_word' id='word_1_94' title='bbox 142 1326 185 1362; x_wconf 89' lang='lat' dir='ltr'><strong>arn</strong></span> <span class='ocrx_word' id='word_1_95' title='bbox 204 1325 293 1377; x_wconf 90' lang='lat' dir='ltr'><strong>neque</strong></span> <span class='ocrx_word' id='word_1_96' title='bbox 312 1311 371 1361; x_wconf 86' lang='lat' dir='ltr'><strong>erat</strong></span> <span class='ocrx_word' id='word_1_97' title='bbox 390 1307 470 1360; x_wconf 83' lang='lat' dir='ltr'><strong>coriis</strong></span> <span class='ocrx_word' id='word_1_98' title='bbox 488 1323 561 1374; x_wconf 87' lang='lat' dir='ltr'><strong>usus,</strong></span> <span class='ocrx_word' id='word_1_99' title='bbox 581 1323 630 1359; x_wconf 91' lang='lat' dir='ltr'><strong>nee</strong></span> <span class='ocrx_word' id='word_1_100' title='bbox 649 1307 752 1359; x_wconf 85' lang='lat' dir='ltr'><strong>viscera</strong></span> <span class='ocrx_word' id='word_1_101' title='bbox 772 1307 916 1376; x_wconf 86' lang='lat' dir='ltr'><strong>quisquam</strong></span> 
     </span>
     <span class='ocr_line' id='line_1_17' title="bbox 115 1383 965 1452; baseline 0 -13"><span class='ocrx_word' id='word_1_102' title='bbox 115 1387 174 1439; x_wconf 88' lang='lat' dir='ltr'><strong>Aut</strong></span> <span class='ocrx_word' id='word_1_103' title='bbox 191 1385 272 1439; x_wconf 90' lang='lat' dir='ltr'><strong>undis</strong></span> <span class='ocrx_word' id='word_1_104' title='bbox 290 1385 399 1438; x_wconf 87' lang='lat' dir='ltr'><strong>abolere</strong></span> <span class='ocrx_word' id='word_1_105' title='bbox 418 1386 517 1452; x_wconf 88' lang='lat' dir='ltr'><strong>potest,</strong></span> <span class='ocrx_word' id='word_1_106' title='bbox 535 1387 583 1436; x_wconf 87' lang='lat' dir='ltr'><strong>aut</strong></span> <span class='ocrx_word' id='word_1_107' title='bbox 602 1383 710 1436; x_wconf 83' lang='lat' dir='ltr'><strong>uincere</strong></span> <span class='ocrx_word' id='word_1_108' title='bbox 728 1383 851 1448; x_wconf 75' lang='lat' dir='ltr'><strong>flamn1a3</strong></span> <span class='ocrx_word' id='word_1_109' title='bbox 929 1400 965 1439; x_wconf 75' lang='lat' dir='ltr'><strong>seo</strong></span> 
     </span>
     <span class='ocr_line' id='line_1_18' title="bbox 114 1460 827 1530; baseline 0.001 -17"><span class='ocrx_word' id='word_1_110' title='bbox 114 1461 158 1516; x_wconf 76' lang='lat' dir='ltr'><strong>lie</strong></span> <span class='ocrx_word' id='word_1_111' title='bbox 175 1462 290 1516; x_wconf 88' lang='lat' dir='ltr'><strong>tondere</strong></span> <span class='ocrx_word' id='word_1_112' title='bbox 308 1461 419 1530; x_wconf 84' lang='lat' dir='ltr'><strong>quidem</strong></span> <span class='ocrx_word' id='word_1_113' title='bbox 439 1460 534 1514; x_wconf 90' lang='lat' dir='ltr'><strong>morbo</strong></span> <span class='ocrx_word' id='word_1_114' title='bbox 553 1460 710 1529; x_wconf 85' lang='lat' dir='ltr'><strong>inluvieque</strong></span> <span class='ocrx_word' id='word_1_115' title='bbox 729 1477 827 1529; x_wconf 86' lang='lat' dir='ltr'><strong>peresa</strong></span> 
     </span>
    </p>

    <p class='ocr_par' dir='ltr' id='par_1_8' title="bbox 115 1537 789 1606">
     <span class='ocr_line' id='line_1_19' title="bbox 115 1537 789 1606; baseline -0.003 -14"><span class='ocrx_word' id='word_1_116' title='bbox 115 1539 225 1592; x_wconf 85' lang='lat' dir='ltr'><strong>Vellera</strong></span> <span class='ocrx_word' id='word_1_117' title='bbox 243 1555 292 1592; x_wconf 88' lang='lat' dir='ltr'><strong>nee</strong></span> <span class='ocrx_word' id='word_1_118' title='bbox 311 1538 379 1592; x_wconf 87' lang='lat' dir='ltr'><strong>telas</strong></span> <span class='ocrx_word' id='word_1_119' title='bbox 398 1542 511 1606; x_wconf 87' lang='lat' dir='ltr'><strong>possunt</strong></span> <span class='ocrx_word' id='word_1_120' title='bbox 529 1539 666 1605; x_wconf 88' lang='lat' dir='ltr'><strong>attingere</strong></span> <span class='ocrx_word' id='word_1_121' title='bbox 684 1537 789 1605; x_wconf 84' lang='lat' dir='ltr'><strong>putris;</strong></span> 
     </span>
    </p>

    <p class='ocr_par' dir='ltr' id='par_1_9' title="bbox 114 1615 965 1917">
     <span class='ocr_line' id='line_1_20' title="bbox 115 1615 875 1684; baseline 0.003 -17"><span class='ocrx_word' id='word_1_122' title='bbox 115 1615 218 1670; x_wconf 88' lang='lat' dir='ltr'><strong>Verurn</strong></span> <span class='ocrx_word' id='word_1_123' title='bbox 237 1617 326 1683; x_wconf 74' lang='lat' dir='ltr'><strong>etiam,</strong></span> <span class='ocrx_word' id='word_1_124' title='bbox 346 1616 444 1669; x_wconf 90' lang='lat' dir='ltr'><strong>inrisos</strong></span> <span class='ocrx_word' id='word_1_125' title='bbox 463 1615 485 1668; x_wconf 86' lang='lat' dir='ltr'><strong>si</strong></span> <span class='ocrx_word' id='word_1_126' title='bbox 504 1615 566 1684; x_wconf 90' lang='lat' dir='ltr'><strong>quis</strong></span> <span class='ocrx_word' id='word_1_127' title='bbox 584 1617 735 1683; x_wconf 83' lang='lat' dir='ltr'><strong>temptarat</strong></span> <span class='ocrx_word' id='word_1_128' title='bbox 752 1615 875 1684; x_wconf 77' lang='lat' dir='ltr'><strong>annicius,</strong></span> 
     </span>
     <span class='ocr_line' id='line_1_21' title="bbox 115 1691 869 1764; baseline 0 -19"><span class='ocrx_word' id='word_1_129' title='bbox 115 1693 253 1748; x_wconf 83' lang='lat' dir='ltr'><strong>Ardentes</strong></span> <span class='ocrx_word' id='word_1_130' title='bbox 271 1694 384 1764; x_wconf 80' lang='lat' dir='ltr'><strong>papulae</strong></span> <span class='ocrx_word' id='word_1_131' title='bbox 402 1697 486 1762; x_wconf 85' lang='lat' dir='ltr'><strong>atque</strong></span> <span class='ocrx_word' id='word_1_132' title='bbox 504 1691 649 1744; x_wconf 86' lang='lat' dir='ltr'><strong>inmundus</strong></span> <span class='ocrx_word' id='word_1_133' title='bbox 667 1691 768 1744; x_wconf 88' lang='lat' dir='ltr'><strong>olentia</strong></span> <span class='ocrx_word' id='word_1_134' title='bbox 786 1691 869 1745; x_wconf 88' lang='lat' dir='ltr'><strong>sudor</strong></span> 
     </span>
     <span class='ocr_line' id='line_1_22' title="bbox 114 1767 965 1839; baseline -0.001 -16"><span class='ocrx_word' id='word_1_135' title='bbox 114 1769 239 1824; x_wconf 85' lang='lat' dir='ltr'><strong>Membra</strong></span> <span class='ocrx_word' id='word_1_136' title='bbox 256 1771 427 1839; x_wconf 81' lang='lat' dir='ltr'><strong>sequebatur,</strong></span> <span class='ocrx_word' id='word_1_137' title='bbox 445 1787 495 1823; x_wconf 89' lang='lat' dir='ltr'><strong>nee</strong></span> <span class='ocrx_word' id='word_1_138' title='bbox 513 1769 593 1835; x_wconf 88' lang='lat' dir='ltr'><strong>lengo</strong></span> <span class='ocrx_word' id='word_1_139' title='bbox 612 1767 712 1821; x_wconf 85' lang='lat' dir='ltr'><strong>deindo</strong></span> <span class='ocrx_word' id='word_1_140' title='bbox 730 1767 847 1821; x_wconf 90' lang='lat' dir='ltr'><strong>rnorauti</strong></span> <span class='ocrx_word' id='word_1_141' title='bbox 929 1785 965 1822; x_wconf 80' lang='lat' dir='ltr'><strong>oua</strong></span> 
     </span>
     <span class='ocr_line' id='line_1_23' title="bbox 114 1841 805 1917; baseline -0.003 -18"><span class='ocrx_word' id='word_1_142' title='bbox 114 1845 247 1917; x_wconf 75' lang='lat' dir='ltr'><strong>Tempore</strong></span> <span class='ocrx_word' id='word_1_143' title='bbox 263 1852 401 1902; x_wconf 82' lang='lat' dir='ltr'><strong>contactos</strong></span> <span class='ocrx_word' id='word_1_144' title='bbox 419 1851 496 1901; x_wconf 87' lang='lat' dir='ltr'><strong>artus</strong></span> <span class='ocrx_word' id='word_1_145' title='bbox 515 1860 591 1898; x_wconf 88' lang='lat' dir='ltr'><strong>sacer</strong></span> <span class='ocrx_word' id='word_1_146' title='bbox 608 1842 679 1904; x_wconf 76' lang='lat' dir='ltr'><strong>ignis</strong></span> <span class='ocrx_word' id='word_1_147' title='bbox 697 1841 805 1897; x_wconf 72' lang='lat' dir='ltr'><strong>edebat</strong></span> 
     </span>
    </p>
   </div>
   <div class='ocr_carea' id='block_1_3' title="bbox 0 0 1138 3562">
    <p class='ocr_par' dir='ltr' id='par_1_10' title="bbox 0 0 1138 3562">
     <span class='ocr_line' id='line_1_24' title="bbox 0 0 1138 3562; baseline 0 2"><span class='ocrx_word' id='word_1_148' title='bbox 0 0 1138 3562; x_wconf 95' lang='lat' dir='ltr'><strong> </strong></span> 
     </span>
    </p>
   </div>
  </div>
 </body>
</html>
