2278 3568
438 129 619 180 Annnrnos
636 131 705 180 ure.
722 129 745 178 1.
988 105 1018 183 ss

161 215 234 267 Saxa
252 215 351 266 vocant
371 211 436 265 Itali
455 211 552 264 mediis
572 229 643 280 quae
661 211 690 265 in
709 213 836 280 fluetibus
856 214 963 268 Aras-

161 288 279 341 Dersum
297 287 407 340 inmane
426 286 493 340 mari
513 304 633 354 summm
654 289 705 342 tris
724 289 813 344 Eume
832 290 867 344 ab
884 291 941 346 alto
984 303 1018 345 uo

162 363 195 417 In
213 363 307 416 brevia
326 368 354 416 ct
374 363 460 431 Syrtis
479 367 586 432 urguet,
605 363 760 419 miserabile
779 367 847 434 risu,

161 439 317 508 inliditque
336 439 413 492 vadis
432 443 515 508 atque
534 457 634 508 aggere
653 442 738 510 cingit
757 460 863 498 arenae.
977 499 979 506 ,

161 516 261 585 Unam,
281 533 352 585 quae
372 517 467 584 Lycios
487 518 627 586 fidumque
647 518 764 572 vehebat
783 521 913 589 Oronten,
1011 547 1013 552 ·

160 593 251 662 Ipsius
270 597 334 647 ante
354 593 444 647 oculos
463 595 559 662 ingens
577 612 592 647 a
612 595 714 648 vertice
732 599 832 665 pontus

160 671 195 723 In
210 670 325 740 'puppim
344 671 422 724 ferit:
447 671 585 724 excutitur
604 687 762 740 pronusque
780 674 911 740 magister
982 689 1017 727 ns
1045 691 1051 709 Χ

159 745 287 800 Volvitur
305 748 333 800 in
352 751 448 815 eaput;
469 751 512 800 ast
530 746 603 800 illam
623 752 667 800 ter
686 747 784 801 fluctus
802 748 904 802 ibidem

161 822 281 892 Torquet
294 842 376 892 agens
389 825 497 888 circum,
513 828 542 876 et
554 824 666 892 rapidus
679 828 757 877 vorat
769 841 888 893 aequore
900 831 1003 880 vertex.

160 901 306 969 Adparent
325 901 380 954 rari
400 904 498 953 nantes
516 900 544 952 in
563 901 672 967 gurgite
691 904 775 966 vaste,

99 1047 100 1050 Ἴ
160 979 247 1030 Arma
265 979 360 1044 virum,
381 976 553 1044 tabulaeque,
573 981 601 1030 et
619 977 699 1030 Troia
717 993 784 1045 gaza
802 995 852 1046 per
870 980 963 1032 undas.

100 1064 103 1070 '
160 1054 220 1108 lem
238 1053 355 1106 validam
376 1053 473 1106 Ilionei
492 1071 596 1119 navens,
616 1053 670 1106 ianr
689 1053 768 1106 fortis
787 1055 917 1122 Achatae,
980 1069 1016 1108 120

160 1129 195 1183 Iit
214 1147 268 1199 qua
286 1133 380 1182 vectus
400 1129 485 1194 Abas,
505 1133 534 1184 et
552 1147 606 1198 qua
624 1130 795 1198 grandaevus
815 1130 919 1198 Aletes,

78 1271 82 1276 Ι
159 1206 233 1260 Vicit
253 1206 598 1273 hiemps31exisleterum
618 1207 783 1275 conpagibus
801 1224 893 1260 omnes

131 1321 132 1324 ,
159 1283 307 1352 Accipiunt
325 1283 464 1336 inimicum
483 1283 607 1351 imbrem,
627 1284 757 1352 rimisque
775 1284 916 1338 fatiscunt-
1009 1343 1028 1356 ..
1058 1346 1064 1354 ,

131 1415 132 1419 ,
194 1359 305 1414 Interea
324 1377 422 1428 magne
441 1360 548 1413 misceri
567 1377 708 1414 murmure
726 1365 847 1429 pontum,

158 1436 347 1506 Emissamque
366 1437 482 1490 hiemem
502 1438 587 1490 sensit
607 1437 753 1505 Neptunus
773 1444 801 1490 et
819 1437 881 1490 imis
978 1450 1012 1489 12⁵

157 1513 260 1580 Stagna
279 1513 371 1566 refusa
390 1513 475 1580 vadis,
495 1514 615 1580 graviter
634 1518 797 1567 commotus:
817 1517 846 1566 et
864 1513 919 1566 alto

158 1589 335 1658 Prospieicns,
356 1606 461 1642 summa
479 1590 615 1656 placidum
637 1593 718 1658 caput
737 1590 837 1642 extulit
855 1589 934 1642 unda.

158 1664 306 1718 Disiectam
327 1668 439 1718 Aeneae
458 1670 518 1722 toto
537 1664 611 1718 ridet
631 1683 750 1734 aequore
768 1665 890 1730 classem,

158 1741 300 1796 Fluctibus
320 1756 463 1810 oppressos
482 1740 566 1796 'l’roas
585 1743 708 1811 caelique
729 1742 812 1809 arina,

157 1817 182 1870 N
184 1835 215 1872 ec
232 1818 338 1873 latuere
357 1818 412 1872 doli
430 1817 544 1872 fratrem
565 1819 677 1873 Iunonis
696 1824 725 1873 et
743 1819 806 1872 irae.
977 1835 1012 1873 reo

157 1895 260 1948 iturum
273 1895 309 1949 ad
321 1913 350 1950 se
364 1895 573 1964 Zephyrumque
586 1901 672 1963 vocat,
685 1896 784 1950 dehinc
797 1896 862 1950 talia
873 1897 961 1951 fatur:

109 1999 111 2003 ·
191 1973 312 2026 Tantane
330 1990 377 2026 vos
395 1972 502 2039 generis
521 1974 611 2026 tenuit
629 1974 729 2026 fiducia
747 1974 847 2027 vestril

158 2049 215 2102 lam
235 2049 339 2104 caelum
358 2053 516 2118 terramque
535 2065 595 2103 meo
614 2048 672 2102 sine
691 2050 808 2116 nuntius,
828 2050 920 2116 Venti,

157 2123 280 2188 Miscere,
300 2131 328 2180 et
347 2131 439 2180 tantas
458 2125 567 2180 audetis
585 2126 682 2178 tollere
701 2125 803 2179 molest
1012 2192 1015 2198 .

156 2201 229 2264 Quos
242 2207 341 2270 ego-i
369 2203 423 2256 Sed
437 2207 525 2256 motos
538 2204 662 2270 praestat
674 2217 826 2268 conponere
839 2201 945 2255 fluctus.
974 2217 1009 2256 ree

156 2277 222 2332 Post
241 2280 306 2332 mihi
325 2296 378 2332 non
398 2279 478 2332 simili
496 2294 585 2347 poena
603 2277 746 2330 commissa
764 2277 852 2332 luetis.

157 2355 295 2408 Maturate
313 2355 414 2423 fugam,
434 2355 549 2424 regique
567 2354 634 2408 haee
653 2353 736 2408 dicite
755 2358 857 2408 vestro:

155 2431 180 2483 N
182 2449 217 2484 on
235 2432 274 2484 illi
293 2432 427 2501 inperium
447 2431 536 2502 pelagi
557 2448 721 2499 saevumque
740 2431 898 2500 tridentem,

154 2507 209 2561 Sed
228 2509 294 2562 mihi
314 2513 388 2566 sorte
407 2507 511 2563 datum.
548 2509 634 2562 Tenet
653 2507 699 2562 ille
717 2509 835 2562 inmania
853 2525 926 2575 saxa,

156 2583 276 2653 Vestras,
298 2587 377 2654 Eure,
398 2585 507 2650 domos3
526 2585 573 2638 illa
591 2601 621 2639 se
639 2585 724 2638 iactet
743 2585 771 2638 in
789 2585 851 2638 aula
973 2599 1008 2636 uo

157 2661 262 2726 Aeolus,
282 2666 310 2717 et
329 2663 419 2716 clauso
438 2667 581 2716 ventorum
600 2678 708 2714 carcere
727 2666 830 2730 regnet.

188 2739 231 2793 sic
249 2741 295 2805 ait,
315 2743 344 2793 et
363 2740 437 2794 dicto
455 2741 535 2794 eitius
553 2739 659 2792 tumida
678 2755 797 2806 aequora
815 2739 912 2808 placat,

154 2816 343 2884 Collectasque
361 2817 439 2884 fugat
458 2817 543 2869 nubes
562 2815 701 2884 solemque
720 2815 834 2868 reducit.

153 2893 303 2962 Cymothoe
322 2894 401 2946 simul
420 2897 448 2947 ot
467 2894 562 2946 Triton
583 2892 699 2946 adnixus
719 2896 799 2946 acuto

155 2969 313 3024 Detrudunt
331 2969 406 3021 navis
425 2970 549 3038 scopulo;
567 2969 640 3022 levat
658 2970 717 3037 ipsc
736 2969 868 3036 tridenti*¹
971 2983 1005 3023 las

155 3045 187 3101 llt
206 3049 300 3100 vastas
318 3045 407 3113 aperit
426 3045 519 3113 Syrtin,
539 3049 568 3100 et
587 3049 724 3114 temperat
742 3061 853 3114 aequor,

153 3127 248 3193 Atque
266 3123 335 3176 rotis
354 3139 472 3174 summas
489 3121 595 3176 levibus
614 3122 765 3190 perlabitur
783 3121 874 3174 undas

156 3199 195 3252 Ac
213 3198 299 3254 ueluti
317 3215 416 3263 magno
434 3199 460 3251 in
479 3199 580 3267 populo
598 3215 659 3251 cum
679 3214 759 3266 saepo
776 3201 869 3250 coorta
886 3201 928 3252 est
