2290 3568
145 156 189 204 iol
377 156 405 204 P.
425 156 578 205 VERGILI
596 157 759 207 MARONIS

142 237 279 292 Consonat
296 254 375 292 omno
393 254 494 302 nemus,
514 255 662 306 vocemque
679 225 784 292 inclusa
800 240 926 293 volutant

142 314 242 380 Litora,
261 315 361 383 pulsati
380 314 462 367 colles
480 315 597 368 clamore
616 315 755 370 resultant.
960 333 996 372 ιω

142 391 245 458 Etl'ugit
263 395 326 444 ante
344 390 412 443 alios
429 391 579 460 primisque
598 391 716 445 elabitur
732 393 814 446 nudis

141 466 260 520 Turbam
268 467 340 520 inter
348 467 543 536 fremitumque
551 469 729 536 Gyas3quem
738 468 838 536 deinde
846 469 996 526 Cloanthus

141 543 330 613 Consequitur,
349 543 445 596 melior
462 545 552 611 remis,
571 545 621 597 sed
638 545 761 613 pondere
778 546 858 613 pinus

140 619 230 673 rPerde
247 624 330 674 tonet.
368 620 434 674 Post
451 621 501 674 laos
519 638 607 689 aequo
625 621 781 676 discrimine
800 622 899 678 Pristis

140 695 348 765 Centaurusque
365 697 455 750 locum
474 698 592 752 tendunt
611 715 740 766 superare
757 698 891 766 priorem;
961 715 996 756 1⁵⁵

140 772 176 826 Ilt
193 789 265 826 nunc
284 773 382 826 Pristis
399 773 490 842 habet,
508 791 579 828 nunc
597 775 697 828 victam
716 775 851 842 praeterit
867 776 964 843 ingens

140 849 300 916 Centaurus,
319 866 389 903 nunc
407 867 462 904 una
478 851 577 904 ambae
595 852 749 920 iunctisque
767 851 893 905 feruntur

140 924 287 979 Frontibus
305 929 334 980 et
352 927 432 995 longa
450 927 556 982 sulcant
573 928 643 982 vada
662 928 733 981 salsa
751 927 848 982 carina

143 1001 254 1072 [amque
272 992 493 1072 propihquebant
511 1005 621 1072 scopulo
639 1009 796 1072 motamque
814 1005 954 1072 tenebant,
1025 1049 1027 1057 s

139 1079 208 1132 Cum
226 1081 353 1148 princeps
370 1080 517 1149 medioque
536 1081 608 1149 Gyas
626 1082 654 1133 in
672 1081 782 1148 gurgite
800 1081 889 1135 vietor
960 1095 995 1135 mo

140 1156 284 1210 Rectorem
303 1157 379 1209 navis
398 1158 546 1226 compellat
566 1174 632 1211 voce
651 1158 812 1212 Menoeten:

139 1232 198 1297 Quo
217 1238 323 1286 tantum
342 1234 408 1285 mihi
426 1233 526 1286 dexter
543 1233 620 1288 abisl
639 1234 692 1287 huc
710 1234 798 1301 dirige
815 1251 954 1302 gressum

139 1309 217 1362 Litus
235 1326 301 1372 ama,
320 1314 349 1362 et
368 1309 457 1362 laeuas
476 1311 594 1378 stringat
613 1311 671 1364 sine
689 1311 809 1379 palmula
826 1314 936 1376 ceutes3

139 1385 235 1437 Altum
253 1385 299 1437 ali
318 1389 437 1438 teneant.
475 1386 568 1451 Dixin
588 1387 638 1440 sed
656 1404 738 1440 caeca
756 1387 898 1442 Menoetes

138 1461 209 1514 Saxa
226 1461 327 1514 timens
344 1478 453 1529 proram
472 1463 560 1531 pelagi
579 1464 727 1532 detorquet
745 1463 781 1517 ad
799 1464 893 1518 undas.
961 1479 997 1518 165

138 1537 197 1602 Quo
216 1537 340 1592 diversus
358 1537 432 1591 nbisl
451 1539 559 1605 iterum,
580 1540 648 1594 Pete
667 1558 739 1607 saxa,
762 1539 903 1595 llenoete!

138 1615 206 1667 Cum
224 1615 340 1668 cla-more
359 1615 432 1682 Gyas
450 1617 610 1681 revocabat;
628 1622 657 1671 et
675 1634 738 1672 cccc
757 1617 920 1672 Cloanthum

139 1690 261 1760 Respicit
279 1691 426 1746 instantem
444 1699 531 1761 tergo,
550 1699 579 1748 et
596 1696 724 1763 propiora
741 1698 888 1748 tenentem.

139 1767 189 1820 llle
206 1769 279 1822 inter
297 1785 448 1837 navemque
467 1771 541 1838 Gyae
560 1771 740 1839 scopulosque
758 1770 881 1823 sonantis

138 1843 223 1898 Radit
240 1845 294 1898 iter
312 1845 418 1897 laevum
436 1846 557 1913 interior,
577 1846 723 1914 subitoque
740 1845 860 1913 priorem
962 1860 997 1900 170

138 1919 275 1974 Praeterit
294 1925 323 1974 et
341 1921 423 1973 motis
442 1925 518 1974 tenet
537 1939 657 1990 aequora
675 1925 736 1974 tuta
755 1921 864 1974 relictis.

136 1996 204 2048 Tum
223 2013 287 2049 vero
305 1997 408 2050 exarsit
425 1997 517 2049 inveni
536 1997 613 2050 dolor
631 1997 736 2050 ossibus
753 1997 857 2064 ingens,

136 2073 162 2124 N
164 2089 194 2125 cc
212 2073 330 2126 lacrimis
348 2089 460 2127 caruere
478 2091 573 2142 genae,
592 2090 756 2143 segnemque
775 2072 929 2138 Menoeten,

136 2149 246 2202 Oblitus
265 2149 425 2218 decorisque
445 2151 487 2204 sui
506 2152 663 2220 sociumque
683 2151 786 2219 salutis,

137 2225 170 2278 ln
188 2243 263 2280 mare
281 2227 460 2296 praecipitem
477 2229 562 2298 puppi
581 2228 713 2283 deturbat
731 2228 766 2283 ab
783 2227 855 2293 nlta;
959 2241 995 2281 ne

136 2303 201 2371 Ipse
218 2303 383 2371 gubernaclo
400 2309 492 2359 rector
510 2306 591 2373 subit,
610 2307 668 2374 ipse
686 2306 825 2374 magister,

137 2378 327 2447 Hortaturquc
346 2381 425 2447 viros,
443 2382 604 2450 clavumque
622 2383 658 2436 sd
676 2383 757 2436 litore
775 2386 896 2449 torquet.

135 2456 177 2509 At
194 2456 293 2523 grauis,
311 2463 342 2510 ut
361 2457 445 2510 fundo
464 2459 508 2510 vix
527 2458 639 2512 tandem
658 2458 785 2512 redditus
804 2457 859 2510 imo
878 2461 928 2524 est,

135 2531 195 2585 Iam
214 2533 303 2586 senior
321 2533 486 2600 madidaque
505 2534 592 2588 fluens
610 2535 638 2586 in
658 2537 733 2588 veste
753 2533 895 2587 Menoetes

135 2609 246 2662 Summa
263 2609 335 2676 petit
354 2610 456 2677 scopuli
475 2609 601 2678 siccaque
619 2611 646 2662 in
664 2627 733 2679 rupe
751 2609 862 2663 resedit.
958 2623 993 2662 1so

136 2683 216 2737 Illum
235 2689 264 2738 et
283 2684 420 2739 labentem
439 2686 534 2739 Teucri
554 2691 583 2740 et
600 2687 685 2740 risere
703 2689 852 2751 natantem,

135 2760 172 2812 Et
190 2760 275 2814 salsos
293 2761 385 2815 rident
404 2767 590 2816 revomentem
609 2767 720 2830 pectore
739 2762 846 2816 fluctus.

134 2832 188 2890 Hie
206 2837 280 2891 laeta
298 2839 428 2893 extremis
448 2855 510 2908 spes
529 2843 572 2892 est
590 2855 701 2894 accensa
720 2838 834 2903 duobus,

134 2913 264 2981 Sergesto
282 2914 484 2984 Mnestheique,
503 2915 578 2984 Gyan
598 2933 727 2984 superare
746 2918 904 2970 morantem.

133 2990 279 3058 Sergestus
292 2991 366 3060 capit
378 2995 441 3045 ante
453 2991 541 3044 locum
554 2993 717 3060 scopuloque
730 2992 903 3060 propinquat,
957 3005 993 3046 ne

134 3066 192 3120 Noc
210 3070 269 3120 tota
286 3071 380 3124 tamen
397 3068 443 3122 ille
462 3069 536 3138 prior
554 3073 704 3138 praeeunte
722 3070 830 3133 carine;

134 3139 218 3197 Parte
236 3144 325 3213 prior;
342 3149 450 3214 partem
468 3149 557 3200 rostro
575 3145 676 3214 premit
693 3145 800 3199 aemula
820 3146 924 3200 Pristis.

135 3221 175 3274 nt
193 3221 284 3275 media
301 3221 387 3276 socios
404 3221 533 3276 incedens
551 3239 619 3276 nave
637 3239 688 3290 per
706 3223 779 3289 ipsos
