2290 3568
438 161 621 210 AENEIDOS
638 162 707 211 LIB.
727 161 760 209 V.
975 164 1021 211 16⁵

168 246 304 298 Hortatur
323 243 495 298 Mnestheus:
515 242 601 307 Nunc,
619 259 691 296 nunc
708 243 841 311 insurgite
858 245 948 306 remis,

167 321 298 375 Hectorei
318 320 389 386 socii,
409 320 505 372 'lroiae
525 335 593 388 quos
611 325 685 374 sorte
704 337 830 389 suprema
986 336 1021 376 ise

167 399 262 466 Delegi
282 397 412 464 carnutes,
431 415 502 450 nunc
520 397 581 450 illas
599 399 716 466 promite
734 399 806 465 viris,

166 475 243 528 Nunc
262 475 373 541 animos,
392 475 490 543 quibus
509 475 537 527 in
553 475 677 528 Gaetulis
696 475 821 544 Syrtibus
839 475 881 529 usi

166 553 298 620 Ionioque
317 552 386 605 mari
406 552 567 620 Maleaeque
586 553 747 622 sequacibus
765 553 853 607 undis.

131 677 135 686 .
166 629 227 682 Non
244 630 299 682 iam
318 629 405 697 prima
423 633 488 698 peto
507 629 674 696 Mnestheus,
693 647 783 699 neque
800 631 908 684 vincere
931 633 1021 696 eerto;

166 705 337 775 Quamquam
362 705 487 760 el-Sed
515 710 652 773 superent,
679 706 777 775 quibus
802 706 859 774 hoc,
885 707 1021 775 Neptune,

237 783 356 848 dedisti;
987 797 1022 837 las

167 859 311 913 Extremos
329 859 432 928 pudeat
451 859 581 923 rediissc;
599 859 649 912 hoc
667 860 773 929 vincite,
792 864 870 931 cives,

166 935 202 988 Et
219 936 364 1005 prohibete
383 937 466 989 nefas.
505 936 559 988 Olli
577 937 726 990 certamine
745 955 849 992 summo

169 1012 370 1077 Procumbunt;
388 1014 472 1066 vastis
490 1016 585 1070 tremit
603 1017 702 1070 ictibus
720 1031 800 1068 aerea
817 1017 922 1085 puppis,

166 1088 400 1158 Subtrahiturque
419 1090 520 1157 selum;
539 1097 598 1146 tum
617 1093 713 1147 creber
732 1093 868 1146 anhelitus
886 1096 961 1145 artus

167 1165 309 1234 Aridaque
328 1182 376 1219 ora
394 1168 499 1236 quatit3
519 1171 602 1224 sudor
620 1171 681 1224 iluit
699 1170 820 1240 undique
839 1169 909 1222 rivis.
985 1182 1021 1221 auo

167 1242 270 1295 Attulit
287 1242 347 1311 ipse
365 1243 430 1296 viris
447 1249 571 1312 optatum
589 1264 667 1301 casus
684 1248 820 1300 honorem.

167 1317 291 1387 Namque
309 1320 403 1374 furens
423 1323 505 1374 animi
524 1323 590 1376 dnm
609 1341 717 1393 proram
736 1324 771 1378 ad
790 1340 855 1377 saxa
870 1324 1020 1390 suburguet

168 1395 285 1449 Interior
304 1399 447 1467 spatioque
468 1401 543 1454 subit
562 1401 707 1469 Sergestus
725 1402 824 1469 iniquo,

167 1472 266 1525 Infelix
286 1476 357 1526 saxis
376 1474 404 1528 in
423 1479 646 1544 procurrentibus
664 1478 757 1532 haesit.

166 1548 318 1602 Concussae
337 1555 437 1615 cautes,
458 1557 486 1605 et
505 1561 584 1606 acuto
602 1554 630 1606 in
648 1555 749 1607 murice
768 1556 836 1608 remi
987 1567 1022 1604 20⁵

167 1624 267 1677 Obnixi
287 1642 426 1695 crepuere,
445 1628 578 1696 inlisaque
597 1647 679 1698 prora
696 1631 833 1698 pependit.

167 1701 341 1770 Consurgunt
361 1707 462 1756 nautae
483 1708 511 1756 ct
531 1721 628 1772 magno
649 1706 764 1759 clamore
782 1710 928 1772 morantur,

168 1776 351 1847 l‘erratasque
371 1779 468 1833 trudes
487 1785 515 1834 et
533 1785 613 1834 acuta
633 1782 743 1850 cuspide
762 1786 855 1835 contos

168 1853 332 1924 llxpediunt,
351 1858 507 1926 fractosque
525 1857 620 1925 legunt
637 1857 665 1910 in
683 1859 791 1925 gurgite
811 1874 907 1910 remos.

169 1934 207 1985 At
225 1932 314 1986 laetus
335 1934 496 1986 Mnestheus
515 1951 695 2004 successuque
714 1935 801 1987 aerior
818 1934 877 2002 ipso
987 1948 1024 1986 no

171 2011 286 2076 Agmine
304 2027 442 2062 remorum
463 2010 545 2062 celeri
564 2013 707 2079 ventisque
726 2011 827 2064 vocatis

170 2085 257 2138 Prona
274 2086 346 2154 petit
365 2087 450 2138 maria
469 2092 497 2139 ct
515 2087 612 2154 pelago
632 2087 752 2140 decurrit
770 2091 872 2155 aperto.

168 2161 261 2224 Qualis
280 2161 408 2228 spelunca
426 2163 515 2214 subito
533 2167 668 2215 commota
686 2162 816 2227 columba,

168 2236 217 2288 Cui
237 2236 334 2290 domus
352 2242 381 2290 et
400 2239 492 2304 dulces
510 2239 647 2292 latebroso
665 2240 692 2291 in
710 2240 816 2307 pumice
833 2240 898 2305 nidi,

169 2311 268 2367 Fertur
281 2314 307 2366 iu
321 2330 386 2366 arva
399 2315 498 2381 surlaus,
512 2317 692 2384 plausumque
705 2316 838 2370 exterrita
849 2317 944 2384 permis
991 2331 1026 2368 ns

169 2388 222 2442 llat
240 2395 313 2443 tecto
332 2391 478 2458 ingentem,
498 2411 560 2444 mox
580 2409 642 2445 aere
661 2393 735 2460 lapsa
754 2393 847 2461 quieto

169 2466 251 2520 ltadil
271 2468 324 2520 iter
344 2468 486 2536 liquidum,
508 2469 604 2522 celeris
625 2486 713 2536 neque
728 2463 883 2524 'commovet
900 2473 969 2524 elas:

168 2543 210 2596 Sic
230 2544 399 2608 Mnestheus,
419 2546 457 2598 sie
475 2546 535 2614 ipsa
554 2547 620 2614 fuga
640 2549 714 2600 secat
734 2546 831 2599 ultima
849 2547 947 2600 Pristis

170 2625 305 2689 Aequora,
326 2623 457 2676 siciliam
477 2624 531 2676 sert
551 2623 671 2692 impetus
688 2625 747 2692 ipse
766 2623 909 2678 volantem.

172 2697 340 2765 lltprimum
358 2700 385 2751 in
407 2700 686 2768 scapuloluetantem
705 2701 810 2770 deserit
828 2701 883 2754 alto
993 2715 1029 2754 ta}

168 2773 326 2841 Sergestum
345 2775 528 2846 brevibusque
550 2778 627 2830 vadis
647 2778 803 2846 frustraque
822 2782 963 2831 vocantem

171 2850 280 2903 Auxilia
298 2855 327 2904 ct·
345 2852 439 2905 fractis
460 2854 609 2907 discentem
630 2871 738 2908 currere
757 2855 845 2908 remis.

172 2926 239 2980 lude
259 2929 335 2996 Gyan
354 2930 496 2996 ipsamque
518 2931 621 2997 ingenti
644 2932 714 2984 mole
734 2931 906 2984 Chimaeram

169 3003 368 3073 Consequitur;
386 3005 467 3072 cedit,
488 3008 614 3073 quonium
634 3008 749 3076 spoliata
766 3008 896 3074 magistro
915 3011 963 3061 est.

169 3079 247 3134 Solus
266 3083 375 3148 iaurquc
394 3083 453 3150 ipso
472 3089 596 3150 superest·
615 3085 641 3136 in
662 3085 715 3137 fine
736 3083 897 3138 Cloanthus:
995 3100 1030 3138 ns

170 3159 258 3223 Quem
277 3159 358 3227 petit,
373 3163 402 3211 et
421 3157 534 3211 surirmis
552 3159 669 3214 aduinus
687 3161 791 3214 viribus
810 3164 917 3230 urguet.

170 3235 238 3288 'lum
257 3252 321 3288 vero
340 3236 491 3304 ingeminat
509 3236 618 3305 clamor,
636 3239 782 3305 eurrcffiique
801 3241 964 3308 sequentem
