2266 3562
417 151 621 202 GEORGIOON
644 153 715 204 LIB.
741 152 796 200 111.
994 151 1025 199 65

176 229 242 282 lum
259 246 325 284 vero
342 229 473 284 ardentes
491 231 562 285 oeuli
580 234 664 298 atque
683 233 818 285 attractus
836 227 871 282 ab
889 228 945 282 alto
990 240 1028 282 555

173 307 299 374 Spiritus,
318 307 458 360 interdum
476 308 583 376 gemitu
600 308 699 375 gravis,
718 307 828 375 imaque
846 305 927 374 longo

174 383 227 436 Ilia
244 383 367 451 singultu
386 383 511 450 tendunt,
531 384 554 438 it
571 384 682 437 naribus
701 388 762 437 atei

173 461 295 528 Sanguis,
315 463 344 514 et
363 461 487 516 obsessas
504 462 596 515 fauces
614 461 716 531 premit
732 477 830 528 aspera
848 459 946 527 lingua

173 539 282 592 Profuit
300 539 405 593 inserto
424 539 520 594 latioes
538 538 683 592 infundere
702 553 785 592 cornu

173 615 310 682 Lenaeos;
332 633 365 670 ea
383 616 441 670 visa
459 616 532 669 salus
550 615 732 668 morientibus
750 631 819 679 una;
992 627 1029 667 tre

172 693 240 746 Mox
258 696 318 746 erat
336 692 387 746 hoe
403 693 493 760 ipsum
512 691 605 759 exitio,
625 692 760 760 furiisque
779 691 877 746 refecti

173 768 327 836 Ardebant,
345 768 453 837 ipsique
471 785 534 822 suos
552 768 606 822 iarn
625 773 715 822 morte
733 767 784 821 sub
802 784 919 835 aegra-

172 845 208 899 Di
226 845 339 900 meliora
356 846 408 914 piis
427 862 604 914 erroremque
622 845 746 898 hostibus
764 844 893 897 illumi-

173 921 308 976 liiseissos
327 922 408 976 nudis
426 922 567 976 laniabant
586 921 715 975 dentibus
734 924 818 974 artus.

173 999 242 1053 Eece
261 1003 354 1053 autem
373 999 442 1052 duro
460 999 568 1052 fumans
587 997 638 1050 sub
656 1013 766 1051 vomere
783 999 880 1050 taurus
992 1010 1028 1049 515

172 1075 299 1130 Concidit
317 1080 346 1130 et
364 1077 481 1130 mixtum
500 1074 603 1143 spumis
622 1073 707 1128 vomit
725 1089 772 1126 ore
791 1088 915 1126 eruorem

110 1177 113 1183 ·
174 1152 373 1220 Extremusque
391 1152 446 1206 ciet
463 1150 589 1219 gemitus.
627 1151 655 1204 It
673 1149 762 1204 tristis
781 1154 881 1216 arator,

172 1229 343 1282 Maerentem
362 1227 513 1294 abiungens
531 1227 654 1282 fraterna
671 1231 760 1280 morte
777 1226 928 1291 iuvencum,-

175 1308 269 1374 Atque
287 1321 370 1373 opere
387 1305 415 1356 in
433 1303 524 1357 medio
543 1303 634 1356 defixa
652 1303 784 1371 relinquit
802 1307 902 1355 aratra.

172 1381 197 1434 N
199 1398 234 1434 on
249 1380 363 1434 umbrae
378 1379 497 1433 altorum
512 1395 663 1446 nemorum,
678 1396 732 1432 non
747 1378 841 1431 mollia
855 1381 971 1446 possunt
991 1391 1028 1430 oue

173 1456 256 1511 Prata
274 1473 384 1510 movere
403 1455 531 1522 animum,
550 1471 611 1522 nou,
631 1455 677 1524 qui
696 1472 747 1523 per
765 1471 830 1507 saxa
848 1453 958 1506 volutus

173 1533 272 1588 Purior
290 1533 391 1586 electro
411 1547 536 1599 eampum
555 1532 626 1600 petit
645 1532 747 1596 nuruis3
767 1534 797 1584 at
815 1531 869 1584 ima

172 1609 321 1664 Solvuntur
339 1609 434 1675 latera,
452 1612 537 1675 atque
555 1608 647 1661 oeulos
665 1611 760 1676 stupor
778 1611 878 1674 urguet
896 1605 1000 1670 inertis,

173 1686 219 1739 Ad
238 1689 396 1754 terramque
416 1683 477 1737 fluit
495 1683 600 1737 devexo
617 1683 739 1753 pondere
757 1683 857 1736 eervix.

173 1763 245 1827 Quid
257 1763 335 1816 labor
347 1765 395 1814 aut
407 1761 552 1814 benefacta
564 1761 675 1814 inventi
689 1759 756 1829 quid
769 1775 877 1829 verirere
891 1761 981 1811 terras

174 1839 323 1893 invertisse
340 1837 449 1906 gravisi
470 1837 547 1906 atqui
566 1854 618 1890 non
638 1836 755 1890 Massica
774 1835 873 1888 Baeelri
990 1849 1027 1886 ses

173 1917 295 1981 Munera,
312 1931 366 1968 non
384 1914 438 1966 illis
457 1913 688 1981 epulaenoeuere
707 1916 845 1981 repostae:

174 1991 328 2046 Frondibus
347 1994 376 2044 et
394 1990 467 2042 victu
486 1993 635 2056 pascuntur
652 1989 781 2057 simplicis
799 1987 907 2050 herbae,

175 2069 273 2122 Pocula
292 2070 356 2121 sunt
373 2066 463 2118 fontes
482 2065 580 2133 liquidi
599 2069 682 2133 atque
701 2065 822 2118 exercita
840 2081 921 2117 eursu

173 2144 305 2210 Flumina,
325 2159 374 2196 nee
393 2158 500 2194 somnos
519 2141 658 2208 abrumpit
676 2157 740 2194 eura
758 2139 880 2193 salubris.
991 2153 1027 2193 tae

173 2221 306 2290 Tempore
323 2236 376 2272 non
395 2219 448 2271 alio
467 2217 562 2270 dieunt
580 2216 737 2284 regionibus
754 2216 807 2269 illis

173 2297 316 2361 Quaesitus
335 2295 371 2348 ad
390 2312 466 2348 saera
484 2294 568 2347 boves
588 2293 708 2358 lunonis,
728 2296 757 2346 ot
775 2292 832 2345 uris

174 2373 319 2441 inparibus
338 2371 435 2424 ductos
453 2371 509 2423 alta
527 2370 562 2422 ad
581 2369 693 2422 donaria
711 2385 814 2422 currus.

173 2449 245 2516 llige
263 2464 345 2516 aegre
363 2447 460 2500 rastris
479 2451 581 2500 terram
601 2445 743 2513 rimantur,
760 2449 791 2498 et
810 2445 875 2514 ipsis

172 2523 316 2590 Unguibus
334 2523 472 2577 infodiunt
490 2522 591 2589 fruges,
610 2521 765 2589 montisque
785 2538 833 2588 per
851 2521 922 2575 altos
989 2539 1025 2577 535

172 2600 308 2654 Contenta
327 2600 431 2652 cervice
450 2599 565 2652 trahunt
583 2597 730 2650 stridentia
748 2597 880 2665 plaustro.

171 2675 232 2728 Non
249 2676 330 2744 lupus
348 2674 461 2729 insidias
480 2675 604 2743 explorat
622 2674 703 2727 ovilia
722 2675 830 2740 circum,

171 2751 195 2803 N
198 2768 229 2804 ee
246 2752 376 2820 gregibus
395 2755 543 2804 nocturnus
561 2750 734 2816 obambulat;
755 2751 841 2803 :terior
859 2747 936 2805 iilum

170 2827 243 2882 Oura
261 2826 368 2893 domat;
390 2827 480 2880 timidi
499 2826 624 2880 danimae
642 2827 770 2895 corvique
788 2825 898 2894 fugaces

170 2903 250 2956 Nune
268 2904 395 2973 interque
413 2921 494 2957 eones
512 2906 541 2956 et
558 2903 660 2956 eireunr
678 2907 753 2956 tecta
771 2905 913 2970 vagantur.
988 2920 1024 2959 555

170 2979 230 3032 lam
249 2981 332 3033 maris
352 2980 467 3034 inmensi
485 2980 589 3048 prolem
609 2983 637 3034 et
654 2997 739 3048 genus
757 2995 837 3032 omne
855 2983 997 3035 natantum

170 3055 265 3108 Litore
283 3058 310 3110 in
329 3062 460 3123 extremo,
478 3075 528 3110 eeu
546 3058 677 3126 naufraga
694 3074 815 3126 corpora,
835 3055 933 3110 fluetus

170 3129 293 3199 Proluit;
312 3133 436 3187 insolitae
454 3133 563 3201 fugiunt
581 3133 609 3185 in
628 3133 738 3186 flumina
756 3138 866 3202 phocae.

171 3207 274 3265 Interit
292 3215 321 3264 et
339 3211 428 3263 curvis
445 3209 548 3263 frustra
566 3209 678 3262 defensa
695 3209 810 3263 latebris
