2266 3562
146 137 177 182 68
375 131 404 179 Ρ.
424 129 577 178 VERGILI
595 92 776 181 MARONIS¹

148 211 281 266 Pontibus
299 215 330 264 ut
349 209 451 263 crebris
470 209 574 277 possint
592 210 741 264 consistere
760 215 789 264 et
807 211 864 266 alas

147 288 271 342 Pandere
291 287 326 340 ad
345 286 477 340 aestivum
496 285 588 352 solem,
608 285 631 337 si
649 286 720 339 forte
739 289 869 342 morantis

146 365 282 434 Sparserit
300 367 348 416 aut
366 377 497 431 praeceps
516 361 645 429 Neptuno
663 363 817 418 inmerserit
836 365 931 420 Eurus.

146 443 222 496 Haec
240 442 340 494 circum
358 439 445 492 casiae
466 438 565 491 virides
584 445 613 491 et
632 439 733 493 olentia
750 440 806 494 late

108 535 112 542 ·
145 518 268 587 Serpylla
286 521 315 570 ct
332 516 452 584 graviter
472 515 599 584 spirantis
617 517 693 585 copia
711 516 853 586 thpnbrac

145 595 262 660 Floreat,
281 594 473 660 inriguumque
492 591 590 645 bibant
608 593 720 646 violaria
737 593 849 648 fontem.

145 675 210 743 Ipsa
228 679 327 738 autem,
347 688 393 724 seu
413 669 558 723 corticibus
577 670 628 722 tibi
646 675 708 723 suta
726 672 834 737 cavatis,

144 752 198 805 Seu
215 751 289 804 lento
307 749 408 802 fuerint
427 747 543 800 alvearia
562 747 660 801 vimine
679 751 763 814 texta,

145 829 284 896 Angustos
302 826 420 880 habeant
440 824 544 878 alitus:
562 841 624 877 nam
643 825 742 893 frigore
760 824 842 878 mella
975 842 1000 880 ae

144 905 223 972 Cogit
240 904 353 972 hiemps,
373 903 524 970 eademque
542 901 616 954 calor
633 901 779 970 liquefacta
797 902 918 956 rornittit.

143 981 269 1050 Utraque
287 982 327 1034 vis
348 980 443 1050 apibus
461 980 564 1048 pariter
583 978 746 1042 metuenda3
765 995 853 1045 noque
871 978 934 1033 illae

144 1057 315 1127 Nequiquam
333 1059 361 1111 in
380 1057 459 1110 tectis
478 1056 603 1109 certatim
621 1055 714 1108 tenuia
732 1071 794 1108 cera

142 1135 315 1202 Spiramenta
333 1135 428 1197 linunt,
448 1135 563 1200 lucoque
582 1136 610 1184 et
629 1131 740 1184 floribus
758 1148 819 1184 oras

142 1210 268 1279 Explent‚
288 1210 486 1277 collectumque
505 1209 571 1261 haec
589 1209 648 1276 ipsa
666 1208 701 1260 ad
720 1225 833 1261 munera
850 1209 944 1276 gluten
972 1225 997 1265 to
1075 1243 1078 1250 ·

142 1288 178 1340 Et
196 1288 267 1340 visco
286 1291 315 1340 et
335 1285 469 1354 Phrygiae
489 1290 598 1338 servant
616 1285 675 1354 pice
694 1285 794 1338 lentius
814 1285 889 1339 ldae.

142 1364 228 1431 Saepo
247 1364 330 1416 etiam
350 1362 460 1428 effossis,
480 1362 502 1414 si
521 1379 586 1414 uera
604 1365 647 1415 est
665 1361 743 1430 fama,
762 1362 874 1416 latebris

142 1439 197 1493 Sub
216 1444 291 1493 terra
308 1439 400 1491 fovere
419 1438 513 1502 larem,
531 1439 694 1507 penitusque
712 1444 838 1508 repertae

142 1515 353 1584 Pumicibusqne
371 1515 444 1568 cavis
462 1532 614 1583 exesaeque
634 1515 739 1569 arboris
757 1520 844 1570 antro.

141 1593 182 1648 'lu
199 1597 290 1646 tamen
309 1595 338 1646 et
355 1592 408 1646 levi
426 1592 525 1646 rimosa
543 1591 640 1646 cubilia
658 1593 721 1646 limo
971 1609 995 1648 45

141 1670 238 1738 Ungue
256 1670 350 1724 fovens
368 1670 476 1737 circum,
495 1673 523 1723 et
541 1686 617 1723 raras
636 1670 795 1739 supcriniice
812 1670 930 1725 frondes.

140 1747 166 1799 N
168 1764 202 1800 eu
219 1747 330 1816 propius
349 1747 430 1802 tectis
448 1751 543 1801 taxum
563 1747 627 1814 sine,
645 1763 714 1799 neve
732 1746 855 1800 rubentis

140 1823 198 1876 Ure
216 1825 274 1876 foco
294 1840 411 1890 cancros,
431 1824 502 1877 altae
521 1841 574 1877 neu
592 1824 673 1876 credo
692 1823 791 1892 paludi,

141 1902 199 1953 Aut
217 1900 263 1952 ubi
282 1899 350 1953 odor
368 1901 445 1954 caeni
462 1901 560 1968 gravis,
579 1904 627 1953 aut
645 1900 692 1954 ubi
710 1917 827 1954 concava
844 1902 924 1969 pulsu

140 1976 211 2029 Saxa
230 1980 327 2030 sonant
345 1977 473 2045 vocisque
492 1977 595 2030 offensa
613 1977 728 2031 resultat
745 1978 841 2046 imago.
969 1993 994 2032 ao

175 2053 253 2116 Quod
266 2057 398 2122 superest,
411 2053 458 2106 ubi
470 2054 575 2122 pulsam
588 2054 705 2107 hiemem
719 2054 764 2108 Sol
776 2071 875 2126 aureus¹
886 2056 942 2123 egit

141 2129 303 2202 subterreis
322 2129 481 2199 caelumque
500 2131 604 2183 aestiva
621 2130 680 2184 luce
699 2131 816 2198 reclusit,

142 2205 209 2258 Illae
226 2207 352 2260 continuo
371 2207 456 2261 saltus
475 2207 608 2275 silvasque
626 2212 773 2276 peragrant

142 2281 349 2352 Purpureusque
367 2289 475 2338 metunt
494 2284 574 2338 flores
593 2289 621 2338 et
639 2284 749 2337 flumina
768 2285 854 2340 libant

141 2360 251 2412 Summa
268 2360 348 2416 leves.
388 2361 461 2413 Hine
479 2361 569 2414 nescio
588 2379 642 2429 qua
661 2360 804 2414 dulcedine
822 2362 911 2416 lacteo
969 2377 993 2416 εδ

141 2435 301 2504 Progeniem
319 2438 452 2505 nidosque
470 2437 570 2503 fovent,
589 2437 650 2489 hinc
668 2441 728 2490 arto
746 2438 863 2491 recentis

141 2512 286 2566 Excudunt
305 2531 380 2567 ceras
400 2517 428 2566 et
446 2513 528 2566 mella
546 2514 652 2566 tenacia
671 2513 783 2579 fingunt.
943 2579 945 2583 ι

141 2587 212 2642 llinc
230 2589 277 2643 ubi
294 2591 347 2644 iam
367 2592 494 2644 emissum
514 2589 603 2643 caveis
620 2589 656 2642 ad
675 2588 765 2642 sidera
782 2591 849 2644 caeli

140 2665 214 2719 Nare
231 2684 281 2734 per
300 2672 433 2722 aestatem
452 2667 584 2736 liquidam
604 2667 757 2736 suspexeris
774 2685 871 2735 agmen

140 2741 345 2812 Obscuramque
363 2744 435 2798 trahi
454 2749 535 2798 vento
554 2743 689 2798 mirabere
706 2743 814 2812 nubem,
968 2761 993 2800 oo

140 2817 358 2888 Contemplator:
379 2840 464 2891 aquas
483 2822 570 2876 dulcis
588 2825 617 2875 et
634 2821 749 2876 frondea
767 2840 874 2892 semper

140 2893 221 2948 Tecta
239 2901 346 2965 petunt.
383 2899 445 2952 Huc
463 2903 494 2952 tu
512 2901 599 2954 iussos
618 2901 752 2969 adsperge
770 2917 888 2969 sapores,

140 2969 215 3024 Trita
232 2975 402 3045 melisphylla
420 2980 450 3029 et
467 2971 605 3032 cerinth'ao
624 2976 741 3046 ignobile
759 2995 880 3045 granrem

139 3046 317 3121 Tinnitusque
335 3054 375 3106 cie
393 3059 422 3108 et
441 3054 539 3108 Matris
557 3060 641 3124 quate
658 3055 779 3124 cymbala
796 3055 909 3108 circum:

139 3124 220 3193 Ipsae
238 3129 378 3184 consident
396 3132 537 3186 medicatis
556 3132 672 3199 sedibus,
691 3133 766 3200 ipsae
968 3145 991 3184 ot

138 3199 240 3258 Intima
258 3223 333 3260 more
351 3223 399 3262 suo
418 3225 478 3263 soso
495 3210 522 3262 in
541 3209 674 3262 cunabula
692 3208 816 3263 condent.
