2278 3568
417 171 621 219 GEORGIOON
645 171 709 218 LIB.
731 169 780 220 lv.
997 174 1026 219 77

204 251 254 304 Est
271 250 299 302 in
319 250 467 318 Carpathio
487 249 608 319 Neptuni
627 251 736 320 gurgite
754 253 831 304 vates

166 327 315 382 Caeruleus
337 327 459 393 Proteus,
479 343 606 394 mugnmn
627 329 673 396 qui
692 327 811 396 piscibus
829 344 933 397 aequor

165 404 202 457 Et
219 404 312 456 iuncto
331 402 463 472 bipedum
483 420 564 456 curru
582 405 697 458 metitur
717 420 856 475 equorum.

166 481 220 534 Hic
238 497 310 533 nunc
330 479 474 533 Emathiae
493 485 589 549 portus
607 481 782 550 patriamque
800 481 894 535 revisit
989 497 1025 536 aee

165 557 309 621 l'allenen3
328 557 398 610 hunc
417 561 446 610 et
466 557 609 626 Nymphae
628 575 792 611 veneramur
810 559 914 626 etipse

164 635 343 689 Grandaevus
365 634 487 699 Nereus;
506 634 581 687 nevit
601 651 717 704 namque
737 636 827 688 omnia
845 640 929 702 vates,

163 713 240 777 Quae
253 713 315 776 sint,
329 727 399 779 quae
412 711 521 777 fuerint,
532 727 603 778 quae
617 728 680 764 mox
693 715 809 766 ventura
822 711 973 768 trahantur.

163 789 269 858 Quippe
286 795 326 842 ita
345 787 371 840 N
373 791 474 856 optuno
494 789 581 842 visum
600 792 649 854 est,
669 789 788 842 inmania
807 789 884 842 cuius

163 868 299 919 Armenta
317 870 346 920 et
364 865 452 932 turpis
470 865 558 933 pascit
576 865 627 918 sub
645 866 754 933 gurgite
774 865 883 933 phocas.
987 879 1023 918 aas

162 943 216 999 Hie
234 943 292 1008 tibi,
312 947 385 1008 nate,
404 942 480 1010 prius
500 941 594 994 vinclis
611 942 768 1011 capiendus,
787 945 819 995 ut
836 959 944 996 omnem

161 1018 299 1087 Expediet
316 1018 405 1071 morbi
424 1033 554 1083 caussam,
574 1021 743 1088 eventusque
762 1018 900 1071 secundet.

161 1095 232 1148 Nem
251 1096 309 1149 sine
327 1095 353 1148 vi
371 1111 424 1148 non
441 1094 497 1146 ulla
516 1093 592 1148 debit
610 1098 763 1163 praecepta
783 1110 873 1163 neque
893 1095 970 1148 ilium

161 1170 273 1225 Oraude
292 1171 399 1226 flectes:
419 1171 473 1224 vim
492 1170 589 1224 duram
609 1175 638 1224 et
658 1171 763 1225 vincula
781 1175 861 1238 eapte

161 1247 269 1313 Tende3
288 1247 342 1301 deli
355 1248 456 1301 circum
468 1247 534 1300 haec
547 1247 657 1301 demum
669 1248 831 1316 frangentur
843 1247 946 1302 inanes.
984 1263 1022 1304 see

161 1325 226 1394 Ipsa
243 1342 294 1394 ego
312 1329 349 1393 te,
367 1324 472 1378 medios
489 1340 551 1376 eum
569 1324 609 1377 sol
627 1325 783 1378 accenderit
799 1328 897 1393 aestus,

160 1401 230 1455 (ium
248 1402 345 1456 sitiunt
363 1401 473 1465 herbae,
491 1403 520 1454 et
538 1402 628 1469 pecori
646 1402 700 1454 iam
718 1402 822 1469 gratier
839 1401 936 1456 umbra
954 1405 1004 1469 est,

132 1479 142 1498 ⁶
161 1479 193 1531 In
212 1481 319 1532 secreta
338 1479 410 1531 senis
428 1477 533 1544 ducam,
553 1494 606 1546 quo
625 1478 712 1532 fessus
731 1477 863 1532 abundis

159 1553 195 1608 Se
213 1554 317 1622 recipit,
336 1554 416 1607 facile
435 1557 466 1606 ut
483 1569 578 1606 somno
596 1553 759 1622 adgrediare
778 1555 920 1610 iacentem.

160 1630 264 1684 Verum
282 1630 328 1684 ubi
347 1633 503 1699 correptum
521 1631 646 1683 manibus
664 1631 814 1699 vinclisque
833 1631 947 1697 tenebis,
982 1647 1019 1687 sos

158 1707 227 1761 'ium
246 1708 337 1761 variae
357 1707 471 1761 eludent
489 1708 591 1776 species
609 1711 693 1775 atque
712 1724 760 1760 ora
778 1707 905 1762 ferarum.

159 1785 220 1838 Eiet
239 1785 312 1838 enim
330 1783 421 1838 subito
441 1801 485 1837 sus
505 1783 640 1852 horridus,
658 1787 775 1852 atraque
794 1785 879 1852 tigris,

158 1861 379 1930 squamosusque
399 1860 488 1927 draca,
508 1863 536 1913 et
554 1860 628 1912 fulva
645 1860 750 1914 cervice
770 1860 878 1925 leaena,
979 1897 982 1904 =

158 1938 217 1991 Aut
235 1955 325 1992 acrem
344 1937 469 1990 flammae
488 1937 606 1989 sonitum
625 1935 709 2003 dabit,
728 1941 812 2006 atque
831 1937 871 1990 ita
888 1937 982 1992 vinclis

158 2013 280 2080 Excidet,
300 2017 347 2067 aut
364 2014 392 2066 in
411 2029 496 2080 aquas
515 2013 604 2065 tenuis
623 2012 744 2081 dilapsus
763 2013 859 2067 abibit.
979 2029 1016 2066 410

156 2089 212 2143 Sed
231 2094 333 2158 quanto
350 2091 396 2143 ille
416 2091 501 2156 magis
519 2090 619 2142 formas
639 2105 668 2142 se
686 2093 777 2143 vertet
795 2090 822 2142 in
841 2090 935 2155 onmis,

156 2164 251 2235 Tanto,
269 2169 342 2234 nate,
360 2167 446 2234 magis
465 2166 599 2219 contende
618 2165 725 2218 tenacia
743 2165 837 2232 vincla,

156 2243 249 2297 Donec
267 2243 330 2296 talis
349 2244 402 2297 erit
420 2246 526 2296 mutato
545 2259 666 2310 corpore,
685 2241 794 2310 qualem

157 2319 275 2387 Videris,
294 2320 403 2389 incepto
422 2323 531 2388 tegeret
549 2337 610 2372 cum
628 2319 729 2371 lumina
747 2327 852 2373 somne,⁸

190 2396 267 2450 Haec
279 2397 325 2464 ait,
338 2401 367 2450 et
379 2396 513 2464 liquidum
527 2395 678 2450 ambrosiae
691 2395 821 2449 diffundit
832 2399 953 2464 odorem,
977 2413 1013 2452 41⁵

155 2475 214 2539 Quo
232 2477 322 2527 totum
341 2473 398 2526 nati
417 2490 515 2542 eorpus
534 2472 680 2542 perduxit;
698 2475 728 2526 at
746 2471 787 2525 illi

155 2549 247 2604 Dulcis
265 2550 412 2619 conpositis
432 2551 544 2620 spiravit
562 2549 681 2602 crinibus
699 2565 774 2616 arua,

155 2627 248 2695 Atque
260 2626 357 2680 habilis
371 2626 500 2679 membris
512 2627 586 2680 venit
599 2626 681 2693 vigor.
719 2625 769 2680 Est
781 2643 877 2696 specus
888 2629 984 2694 ingens

154 2702 235 2756 Exesi
253 2703 340 2756 latere
359 2703 387 2754 in
406 2703 514 2770 montis,
532 2719 587 2771 quo
605 2703 722 2771 plurima
740 2707 822 2756 vento

154 2779 270 2847 Cogitur
287 2779 368 2848 inque
388 2779 462 2832 sinus
481 2779 580 2832 scindit
599 2796 658 2832 sese
676 2778 751 2832 unda
767 2780 903 2848 reductos,
975 2795 1012 2834 eae

154 2854 301 2923 Deprensis
319 2855 383 2908 olim
404 2856 485 2908 statie
504 2856 640 2910 tutissima
659 2855 764 2922 nautis3

153 2931 233 2984 Intus
252 2948 281 2984 se
300 2932 371 2984 vesti
390 2931 506 2984 Proteus
525 2933 596 2998 tegit
614 2931 699 2984 obiice
719 2933 785 2987 saxi.

152 3007 206 3062 ilic
224 3009 350 3061 iuvenem
368 3007 396 3059 in
414 3006 525 3059 latebris
543 3024 668 3061 aversum
687 3008 821 3062 alumine
840 3009 967 3077 Nympha

152 3083 287 3148 Collocat;
305 3084 364 3151 ipsa
381 3082 475 3151 procul
495 3082 600 3136 nebulis
618 3084 734 3138 obseura
751 3084 862 3138 resistit

152 3159 212 3213 Iam
231 3159 344 3228 rapidus
362 3162 468 3212 torrens
486 3159 604 3212 sitientis
623 3160 707 3214 Sirius
727 3159 810 3213 Indos
973 3176 1009 3215 rae

152 3233 280 3290 Ardebat
298 3234 380 3303 caele,
398 3237 427 3288 ct
445 3233 565 3289 medium
584 3235 624 3288 sol
643 3235 738 3304 ignem
756 3235 850 3290 orbem
