2290 3568
122 148 170 193 240
357 148 385 196 P.
406 149 557 198 VERGILI
575 149 740 198 MARONIS

123 226 232 280 Invidet
251 228 384 295 inperium
404 246 535 298 seraeque
552 231 589 283 ad
606 231 687 284 fortia
704 233 782 284 vires.

123 303 226 356 Natum
244 305 411 373 exhortarer,
429 307 456 358 ni
475 306 577 360 mixtus
596 311 683 361 matre
703 307 809 362 Sabella
934 325 969 366 510

123 381 196 433 11105
214 389 320 449 partein
340 384 445 450 patriae
463 383 593 438 traheret.
631 384 678 452 Tu,
697 385 772 438 cuius
790 389 819 440 et
837 387 916 441 annis

123 457 158 510 Et
176 459 269 524 generi
288 459 344 511 fata
362 459 512 526 indulgent,
531 478 612 528 quem
631 462 742 514 numina
759 468 883 530 poscunt,

124 534 279 602 ingredere,
298 553 313 587 0
331 536 464 588 Teucrum
482 542 565 604 atque
582 537 682 590 Italum
701 538 849 592 fortissime
864 539 969 594 ductor.

123 611 203 664 Hunc
222 611 272 664 tibi
292 616 440 680 praeterea,
460 629 522 681 spes
541 617 570 666 ct
589 614 684 667 solatia
702 615 796 680 nostri,

122 689 245 742 Pallanta
262 689 423 757 adiungam;
442 691 492 744 sub
511 695 540 743 te
558 691 676 744 tolerare
694 692 825 759 magistro
935 707 971 746 515

122 763 248 818 Militiam
267 770 295 818 et
313 783 396 833 grave
416 767 514 820 Martis
533 784 607 836 opuS,
626 771 674 820 tua
692 784 803 820 cernere
821 768 895 820 sacta

122 841 283 909 Adsuescat,
303 844 397 911 primis
416 847 444 897 51
463 848 491 896 10
510 844 625 896 00105100
643 844 677 896 ab
696 844 780 898 amris.

123 919 245 972 Arcadas
262 920 324 972 huic
344 921 450 989 equites
469 920 510 973 bis
529 924 645 982 centum,
665 920 763 974 robora
780 919 861 989 pubis

122 994 212 1062 Lecta,
232 996 310 1063 (labo,
330 996 501 1064 totidemque
520 1014 567 1050 suo
586 997 635 1050 tibi
653 997 761 1050 nomine
781 997 876 1050 l'allas.

156 1071 209 1124 Vix
228 1090 260 1126 ea
277 1073 350 1126 fatus
369 1077 444 1126 erat:
471 1073 608 1142 defixique
627 1091 674 1126 ora
692 1073 824 1126 tenebant
935 1088 971 1127 550

125 1151 229 1202 Aeneas
250 1149 428 1202 Anchisiades
447 1154 475 1202 et
495 1150 565 1202 fidus
585 1150 720 1214 Achates,

123 1225 264 1292 Multaque
283 1225 352 1278 dura
370 1243 418 1278 suo
437 1226 511 1278 tristi
529 1244 590 1279 cum
610 1227 692 1280 corde
709 1226 863 1295 putabant,

123 1301 157 1353 Ni
176 1301 282 1368 signum
302 1302 376 1354 caelo
397 1301 531 1368 Cytherea
549 1303 673 1356 dedisset
691 1308 795 1370 aperto.

122 1377 246 1445 Namque
265 1377 401 1445 inproviso
421 1378 542 1432 vibratus
560 1379 594 1431 ab
613 1380 724 1433 aethere
743 1379 831 1446 fulgor

121 1453 190 1505 (ium
209 1453 298 1506 sonitu
316 1455 397 1522 venit,
416 1459 444 1508 et
463 1472 542 1508 ruere
561 1455 650 1508 omnia
669 1455 725 1508 visa
743 1459 864 1524 repente,
934 1469 970 1508 525

121 1530 329 1598 Tyrrhenusque
347 1531 431 1584 tubae
450 1533 555 1599 mugire
573 1549 623 1600 per
642 1532 754 1585 aethera
772 1531 888 1598 clangor.

121 1607 290 1674 Suspieiunt3
305 1609 405 1662 iteruin
418 1613 502 1678 atque
514 1609 614 1662 iterum
628 1609 720 1676 fragor
731 1610 854 1676 increpat
866 1608 968 1676 ingens.

123 1685 208 1736 Anna
226 1680 298 1738 inte'r
316 1686 416 1740 nubem
435 1686 502 1738 caeli
521 1686 547 1738 in
567 1685 677 1753 regione
697 1701 792 1738 serena

123 1760 175 1813 Per
193 1761 291 1828 sudum
311 1763 423 1816 rutilare
442 1763 537 1815 vident
556 1767 584 1821 et
602 1762 681 1830 pulsa
699 1766 801 1814 tonare.

122 1836 285 1906 Obstipuere
303 1839 399 1892 animis
418 1840 477 1904 alii;
501 1839 551 1892 sed
570 1840 665 1892 Troius
683 1838 762 1891 beros
934 1851 971 1890 500

122 1915 261 1980 Adgnovit
280 1916 398 1968 sonitum
417 1921 446 1968 et
463 1916 542 1969 divae
561 1916 693 1984 promissa
711 1914 840 1982 parentis,

121 1990 189 2043 Tum
207 1995 353 2046 memorat:
380 1993 405 2044 N
408 2009 422 2046 5
441 2008 512 2060 vero,
534 1993 640 2060 hospes,
659 2009 694 2044 uo
714 2006 815 2060 quaere
839 1991 969 2057 prolecto,

122 2067 208 2131 Quem
227 2085 318 2121 casum
336 2071 465 2137 pertenta
482 2069 585 2122 ferant:
610 2085 660 2135 ego
678 2083 775 2136 poscor
793 2064 915 2134 Olympo.

123 2143 183 2196 Hoc
201 2145 307 2212 signum
326 2145 423 2198 cecinit
442 2145 584 2198 missuram
603 2145 667 2198 diva
685 2143 815 2210 creatrix,

121 2219 148 2272 si
168 2220 269 2274 bellum
287 2221 435 2289 ingrueret,
455 2221 640 2289 Volcaniaque
659 2236 735 2273 arma
753 2235 803 2287 per
821 2234 900 2270 auras
935 2233 971 2271 505

122 2296 252 2351 Laturam
271 2297 377 2351 auxilio.

122 2374 186 2427 Heu
204 2384 322 2444 quantae
341 2375 445 2428 miseris
463 2374 561 2426 caedes
582 2373 764 2426 Laurentibus
782 2373 898 2425 instant!

122 2451 195 2513 Quas
207 2467 307 2518 poenas
320 2450 393 2516 mihi,
406 2450 503 2514 Turne,
517 2449 610 2500 dabis!
626 2465 707 2516 quam
720 2447 807 2499 multa
819 2448 870 2500 sub
883 2448 971 2500 undas

122 2527 205 2580 Scuta
223 2527 309 2578 virum
327 2526 473 2594 galeasque
492 2529 521 2578 51
540 2525 620 2578 sortia
639 2541 750 2591 corpora
769 2523 866 2590 volves,

125 2603 222 2671 Thybri
240 2607 332 2671 pater!
362 2602 478 2654 Poscant
497 2601 575 2665 acies,
595 2605 623 2654 et
643 2601 753 2653 foedera
771 2605 915 2667 rumpant!
935 2615 971 2653 50

158 2681 233 2733 11055
252 2679 298 2731 ubi
318 2679 391 2732 dicta
410 2678 493 2742 dedit,
513 2679 579 2731 solio
598 2696 627 2732 sc
646 2677 717 2730 tollit
735 2676 770 2730 ab
789 2676 859 2739 alt0;

125 2759 158 2811 Et
177 2757 294 2824 primum
316 2756 457 2808 llereuleis
476 2756 578 2824 sopitas
596 2754 703 2822 ignibus
721 2771 782 2806 aras

122 2834 238 2899 Excitat,
257 2832 469 2902 hesternumque
489 2833 587 2886 Larem
606 2848 757 2900 parvosque
777 2831 889 2886 Penatis

124 2911 224 2964 Laetus
241 2909 314 2973 adit3
339 2915 459 2964 mactant
477 2912 561 2964 lectas
581 2910 615 2963 de
633 2927 708 2962 more
726 2907 845 2962 bidentis

125 2987 267 3042 Euandrus
285 2989 395 3054 pariter,
414 2990 517 3057 pariter
536 2989 651 3042 Troiana
668 2987 801 3040 iuventus.
935 3000 970 3038 545

124 3065 189 3118 Post
207 3064 269 3117 hinc
287 3063 323 3116 ad
340 3067 415 3119 naris
433 3066 566 3134 graditur,
587 3066 725 3133 sociosque
743 3064 851 3124 revisit3

124 3142 243 3204 Quorum
262 3141 297 3194 de
316 3159 434 3210 numere,
454 3145 499 3212 qui
518 3162 577 3196 sese
596 3144 623 3195 in
641 3141 714 3194 bella
733 3143 889 3208 sequantur,

125 3218 291 3272 Praestantis
316 3220 417 3274 uirtute
436 3217 517 3286 legii3
536 3233 599 3286 pars
618 3221 709 3272 cetera
727 3231 813 3282 prena
