2290 3568
127 150 173 198 228
359 149 387 197 P.
407 148 561 196 VARGILI
579 149 746 198 MARONIS

125 232 244 298 Aeneas,
263 231 337 284 tristi
355 229 484 296 turbatus
502 233 615 297 pectora
633 229 712 296 bello,

125 307 273 362 Procubuit
291 323 436 375 seramque
455 304 533 359 dedit
551 323 600 374 per
618 306 741 360 membra
758 311 889 376 quietem.
958 323 983 364 ω

126 384 199 438 Huic
218 385 285 438 deus
303 385 362 452 ipse
379 383 431 436 loci
450 382 532 435 lluvio
551 383 692 436 Tiberinus
710 401 823 438 amoeno

126 460 261 530 Populeas
278 461 352 513 inter
371 459 462 513 senior
479 477 508 512 se
527 459 654 512 attollere
671 459 783 514 frondes

126 537 225 603 Visus3
249 555 312 591 eum
332 537 422 590 tenuis
440 537 536 604 glauco
554 536 664 590 velabat
681 537 783 590 amictu

126 613 269 680 Oarbasus,
288 618 318 667 ct
336 614 419 666 crinis
438 612 566 666 umbrosa
583 612 697 680 tegebat
715 615 834 680 arundo;

125 691 192 744 Tum
211 692 249 744 sic
267 691 355 744 adfari
374 693 403 742 et
421 706 500 742 curas
518 689 561 742 his
580 689 692 744 demere
710 690 805 744 dictis:
957 709 981 747 ss

160 767 183 820 Ο
202 771 363 835 satagente
381 768 471 834 deum,
491 767 635 820 Troianam
654 784 688 820 ex
706 767 830 820 hostibus
847 769 945 822 urbem
985 785 989 788 ·

126 843 178 906 Qui
196 844 304 898 revehis
322 843 401 897 nohis
420 847 587 912 aeternaque
608 845 741 911 Pergama
759 861 858 911 servas,

128 920 291 988 Exspectate
310 921 366 974 solo
386 919 517 973 Laurenti
536 921 663 988 arvisque
682 919 795 988 Latinis,

127 995 180 1049 Hic
197 997 248 1050 tibi
268 1001 344 1050 certa
362 997 467 1064 domus,
485 997 561 1062 certi,
579 1014 614 1050 ne
633 996 742 1064 absiste,
762 997 895 1064 Penates;

125 1071 149 1124 N
153 1088 187 1125 eu
204 1072 270 1126 belli
288 1077 394 1126 terrere
413 1073 507 1137 minis;
527 1076 620 1125 tumor
638 1073 724 1126 omnis
742 1077 772 1126 et
788 1074 845 1126 irae
956 1091 980 1128 so

125 1148 289 1202 Concessere
308 1150 398 1202 deum.

126 1225 239 1293 lamque
257 1226 316 1291 tibi,
335 1243 370 1279 ne
388 1243 459 1280 vana
476 1231 557 1295 putes
575 1226 643 1280 haec
661 1227 765 1294 fingere
783 1243 915 1295 somnum,

127 1301 243 1355 Litoreis
261 1302 358 1370 ingens
376 1303 487 1355 inventa
505 1301 555 1354 sub
574 1302 681 1355 ilicibus
699 1320 753 1370 sus,

125 1378 248 1444 Triginta
266 1377 386 1446 capitum
405 1377 479 1430 setus
497 1377 584 1444 enixa,
603 1377 711 1446 iacebit,

126 1453 205 1520 Alba,
225 1454 282 1507 solo
300 1453 442 1520 recubans,
461 1453 516 1506 albi
535 1454 636 1520 circum
654 1454 741 1510 ubera
757 1457 823 1510 nati.
953 1473 978 1512 4⁶

126 1529 179 1583 llic
196 1529 271 1584 locus
289 1529 365 1583 urbis
384 1529 445 1596 crit,
464 1530 573 1598 requies
591 1547 624 1584 ea
642 1536 717 1585 certa
734 1531 866 1602 laborum,

125 1607 167 1659 lix
186 1624 240 1675 quo
259 1612 303 1661 ter
321 1607 399 1660 denis
418 1605 514 1660 urbem
533 1608 714 1662 redeuntibus
732 1609 808 1662 annis

125 1683 257 1737 Ascanius
274 1684 341 1737 clari
359 1683 459 1738 condet
477 1684 645 1751 cognominis
665 1684 772 1738 Albam.

124 1759 208 1812 Haud
225 1761 331 1814 incerta
348 1776 422 1813 cano.
460 1759 485 1811 N
488 1776 541 1812 une
559 1777 613 1828 qua
631 1761 745 1826 ratione,
764 1761 838 1829 quod
856 1763 949 1830 instat,

124 1836 260 1904 lixpedias
277 1837 372 1902 vietor,
390 1836 492 1903 paucis,
511 1835 633 1902 adverte,
653 1836 763 1889 docebo.
954 1852 979 1891 eo

124 1913 248 1965 Arcades
266 1913 308 1965 his
327 1912 388 1978 oris,
405 1927 493 1978 genus
512 1928 528 1963 a
547 1910 671 1964 Pallante
688 1913 848 1980 proiectum,

123 1987 174 2050 Qui
193 2005 286 2054 regem
306 1987 464 2040 Euandrum
483 1986 604 2052 comites,
623 1987 671 2055 qui
691 1988 768 2055 signa
786 1989 881 2057 secuti,

123 2063 255 2131 llelegere
273 2063 361 2116 locum
380 2066 409 2116 et
427 2079 542 2130 posuere
561 2062 589 2116 in
608 2063 746 2117 montibus
764 2064 862 2118 urbem

125 2140 254 2193 Pallantis
271 2140 365 2208 proavi
383 2138 419 2192 de
438 2139 546 2192 nomine
567 2138 745 2192 Pallanteum.

123 2215 161 2269 Ili
178 2215 281 2269 bellum
299 2215 414 2269 adsidue
433 2215 537 2269 ducunt
555 2232 616 2268 cum
634 2221 718 2284 gente
737 2216 851 2281 Latina;
952 2233 977 2272 ss

123 2292 182 2344 Hos
199 2293 296 2346 castris
314 2292 414 2346 adhibe
433 2292 526 2357 socios,
545 2295 574 2345 et
591 2292 703 2347 foedera
720 2293 809 2362 iunge.

123 2369 186 2435 Ipse
204 2385 255 2436 ego
275 2373 302 2423 te
319 2371 386 2437 ripis
404 2374 433 2422 ct
452 2373 527 2434 recto
546 2369 655 2422 flumine
673 2370 779 2437 ducam,

124 2444 278 2498 Adversum
297 2446 379 2498 remis
398 2461 510 2512 superes
530 2444 676 2497 subvectus
695 2449 726 2498 ut
744 2462 858 2498 amnem.

123 2521 210 2588 Surge
228 2537 288 2588 age,
307 2525 371 2573 nate
390 2520 450 2586 dea,
468 2520 618 2588 primisque
636 2519 798 2573 cadentibus
816 2522 898 2575 astris

123 2596 221 2649 lunoni
239 2597 282 2649 fer
299 2597 353 2650 rite
371 2612 474 2664 preces,
493 2595 617 2664 iramque
637 2596 778 2664 minasque
952 2613 977 2652 eo

122 2673 295 2743 Supplieibus
313 2690 413 2742 supera
431 2672 509 2726 votis.
548 2671 617 2724 Mihi
636 2673 724 2726 vietor
741 2673 871 2727 honorem

124 2750 273 2804 l'crselves.
309 2749 368 2816 Ego
387 2765 453 2812 sinn,
472 2749 552 2817 pleno
570 2765 652 2817 quem
670 2748 781 2802 flumine
799 2750 888 2803 cernis

122 2826 308 2894 stringentem
326 2826 399 2894 ripas
418 2829 447 2877 et
465 2825 576 2893 pinguia
594 2825 667 2878 culta
684 2830 829 2893 secantem,

122 2901 268 2955 Caeruleus
287 2901 411 2970 Thybris,
429 2900 504 2954 caclo
521 2901 693 2967 gratissimus
710 2902 804 2954 amnis.

122 2978 176 3031 Hic
195 2977 260 3030 mihi
279 2994 377 3045 magna
395 2977 499 3042 domus,
518 2977 597 3030 celsis
615 2981 698 3046 caput
715 2977 836 3044 urbibus,
856 2981 920 3032 exit
949 2994 974 3034 os

156 3053 240 3120 Dixit,
260 3053 359 3107 deinde
377 3053 438 3107 lacu
458 3053 568 3106 Fluvius
587 3070 616 3106 se
634 3053 757 3107 condidit
775 3053 838 3120 alto,

123 3129 182 3183 lma
199 3134 312 3197 petens;
336 3145 390 3182 nox
410 3133 523 3183 Aenean
542 3146 709 3198 somnusque
727 3129 846 3199 reliquit.

120 3205 221 3275 Surgit,
241 3211 277 3270 et,
295 3206 409 3262 aetherii
427 3209 553 3276 spectans
571 3206 687 3261 orientia
705 3205 775 3260 Solis
