2278 3568
433 147 508 196 AEN
511 148 616 198 EIDOS
634 149 703 200 LIB.
723 151 777 200 111.
985 152 1029 202 127

180 229 255 293 Quos
272 246 378 284 meeum
396 247 412 282 a
430 229 510 284 'l'roia
527 230 679 301 mediisque
697 249 731 285 ex
749 232 859 300 ignibus
877 234 952 287 urbis

179 305 347 372 distuleram,
367 306 416 359 visi
434 309 498 359 ante
516 307 608 360 oeulos
625 308 736 362 adstare
754 309 867 362 iacentis
993 323 1030 364 lec

179 381 213 435 In
232 383 338 450 somnis,
356 383 442 436 multo
460 384 597 436 manifesti
615 383 724 449 lumine,
743 401 797 454 qua
816 401 845 438 se

178 457 263 512 Plena
280 476 330 527 per
347 459 463 514 insertas
480 459 614 513 fundebat
631 461 695 514 luna
712 462 861 528 senestms;

178 533 245 588 Tum
264 536 302 588 sie
319 535 406 588 adimi
425 541 454 590 et
472 553 551 589 curas
569 535 611 589 his
630 535 740 589 demere
759 535 852 590 dietis:

177 611 256 676 Quod
273 611 323 665 tibi
342 612 434 666 delato
454 612 597 680 Ortygiam
615 611 739 666 dicturus
758 613 857 681 Apollo
875 617 924 681 est,

177 687 231 740 Hie
249 689 327 755 canit,
347 692 376 742 et
394 692 441 742 tua
459 707 508 742 nos
527 705 561 742 en
579 688 651 742 ultro
669 689 705 742 nd
723 689 816 742 limina
832 689 927 743 mittit.
992 705 1027 746 155

176 762 233 818 Nos
251 767 287 831 te,
307 765 447 818 Dardania
464 765 580 832 incensa,
598 768 700 833 tuaque
718 782 794 818 arma
811 766 896 819 secuti

175 839 201 892 N
203 857 233 893 os
250 841 386 895 tumidmn
405 841 455 894 sub
473 844 502 893 te
519 842 655 909 permensi
673 841 804 894 elassibus
821 857 927 910 aequor,

176 916 255 970 Idem
274 922 404 970 venturos
422 917 550 970 tollemus
567 917 595 969 in
613 921 687 970 astra
705 920 826 985 nepotes,

176 991 371 1062 Inperinmqne
388 993 451 1045 urbi
470 992 602 1046 dabimus.
639 993 679 1045 Tu
696 994 802 1046 moenia
819 997 922 1061 magnis

175 1068 276 1137 Magna
293 1086 367 1138 para,
385 1069 550 1136 longumque
567 1069 648 1136 fugae
666 1086 701 1122 ne
718 1069 810 1136 linque
828 1069 954 1124 laborem.
990 1087 1026 1125 reo

174 1145 325 1199 Mutandae
343 1145 431 1199 sedes.
467 1144 492 1197 N
495 1161 529 1197 on
547 1145 615 1198 haee
630 1145 682 1198 tibi
701 1146 781 1199 litora
799 1146 884 1200 suasit

174 1221 269 1276 Delius
286 1225 334 1276 aut
354 1221 453 1276 Cretae
471 1221 550 1275 iussit
567 1222 710 1276 considere
729 1222 834 1290 Apollo.

174 1297 224 1352 Est
242 1299 322 1366 locus,
342 1299 506 1366 Hesperiam
526 1297 601 1352 Graii
619 1299 776 1366 cognomine
795 1299 894 1364 dieunt,

174 1373 257 1429 Terra
275 1377 394 1444 antiqua,
413 1379 511 1444 potens
529 1376 612 1429 armis
630 1379 713 1444 atque
730 1375 816 1430 ubere
833 1375 960 1444 glaebae;

174 1450 287 1506 Oenotri
305 1453 412 1507 coluere
430 1453 496 1518 viri;
515 1469 586 1504 nune
604 1451 675 1505 fame
693 1453 811 1506 minores
988 1468 1024 1506 ne

173 1527 280 1581 Italiam
300 1529 401 1582 dixisse
420 1529 495 1581 ducis
515 1528 550 1581 de
568 1529 675 1580 nomine
692 1534 817 1596 gentem:

173 1604 235 1658 Hae
249 1605 326 1658 nobis
344 1605 471 1674 propriae
492 1605 586 1669 sedes;
610 1604 672 1656 hine
691 1605 835 1657 Dardanus
852 1611 936 1670 ortus,

173 1680 314 1750 Iasiusque
332 1685 419 1750 pater,
437 1697 524 1748 genus
542 1697 559 1733 a
577 1696 629 1748 que
648 1681 770 1748 principe
788 1685 918 1733 nestrum.

172 1756 258 1826 Surge
276 1775 334 1826 age,
353 1762 382 1810 et
400 1757 467 1810 haee
485 1757 574 1810 laetus
592 1756 723 1824 longaevo
741 1756 816 1810 dieta
833 1758 941 1824 parenti

172 1833 255 1887 Haud
269 1834 420 1888 dubitanda
432 1833 519 1887 refer:
534 1833 683 1900 Corythum
696 1837 839 1902 terrasque
851 1833 974 1899 reqnirat
988 1849 1022 1889 17⁰

172 1911 313 1964 Ausonias.
351 1911 463 1964 Dictaea
481 1913 564 1978 negat
583 1911 633 1964 tibi
653 1910 779 1978 Iuppiter
796 1925 867 1962 arva.

170 1986 280 2040 Talibus
298 1988 431 2042 attonitus
449 1987 512 2040 visis
530 1990 559 2040 et
577 2003 641 2040 voce
660 1986 809 2039 deorum-
874 2053 876 2056 ι

170 2063 195 2115 N
198 2081 228 2117 ec
246 2080 327 2132 sopor
343 2063 412 2116 illud
429 2067 496 2129 erat,
514 2062 564 2114 sed
582 2079 671 2114 coram
689 2063 854 2128 adgnoscere
872 2065 961 2116 voltus

170 2138 338 2206 velatasque
356 2155 447 2191 eomas
464 2137 672 2204 praesentiaque
690 2153 738 2188 ora
756 2137 884 2203 videbam

170 2215 238 2267 Tum
256 2213 362 2281 gelidus
379 2218 439 2266 toto
457 2212 586 2264 manabat
604 2227 717 2278 corpore
735 2212 854 2264 sudor-
986 2228 1022 2266 175

170 2289 293 2358 Corripio
313 2305 328 2342 e
346 2289 442 2342 stratis
460 2303 567 2354 eorpus,
585 2286 725 2354 tendoque
744 2288 854 2354 supinas

139 2413 141 2420 s
170 2365 214 2424 Ad
235 2365 339 2419 eaelum
357 2382 418 2418 cum
438 2380 502 2416 voce
519 2379 622 2429 manus,
642 2367 672 2416 et
689 2375 803 2416 munera
819 2363 874 2417 libo

170 2441 340 2496 intemerata
356 2441 429 2495 focis.
468 2439 594 2494 Perfecto
611 2440 700 2494 laetus
718 2439 819 2495 honore

170 2519 307 2572 Anchisen
325 2517 394 2572 iaeio
412 2520 526 2584 certum,
546 2534 659 2587 remque
678 2518 775 2572 ordine
793 2519 890 2588 pando.

169 2595 309 2661 Adgnovit
326 2595 430 2664 prolem
449 2594 601 2662 ambiguam
619 2595 797 2663 geminosque
814 2601 949 2665 parentes,
984 2611 1020 2651 mo

169 2670 258 2740 Seque
276 2688 345 2725 noro
363 2674 486 2724 veterum
507 2670 652 2740 deceptum
672 2687 765 2724 errore
783 2672 909 2726 locorum.

169 2747 237 2800 Tum
255 2751 401 2801 memorat:
428 2747 508 2813 Nate,
529 2747 619 2800 Iliacis
637 2747 758 2801 exercite
776 2749 846 2815 fatis,

168 2823 231 2878 Sola
249 2824 315 2877 mihi
333 2824 396 2878 talis
414 2840 492 2877 casus
511 2823 665 2878 Cassandra
682 2824 804 2878 canebat.

168 2901 247 2954 Nune
265 2905 360 2970 repeto
377 2901 445 2954 haee
462 2901 557 2968 generi
574 2901 740 2969 portendere
758 2901 853 2956 debita
871 2908 971 2972 nostro,

169 2978 204 3031 nt
223 2995 305 3046 saepe
326 2977 498 3046 Hesperiam,
517 2993 598 3046 saepe
619 2977 690 3030 Itala
708 2994 793 3046 regna
810 2995 912 3034 vocare.
983 2997 1019 3036 185

167 3053 222 3108 Sed
241 3055 301 3123 quis
320 3054 355 3106 ad
375 3053 526 3122 Hesperiae
544 3057 672 3107 venturos
690 3053 772 3109 litora
790 3054 907 3110 'I'eueros

167 3131 317 3187 Credereti
342 3135 390 3184 aut
409 3147 490 3200 quem
508 3133 568 3184 tum
586 3133 663 3183 vates
682 3130 835 3184 Cassandra
853 3133 991 3187 moveret?

167 3208 303 3264 Cedamus
322 3206 441 3272 Phoebo,
460 3210 490 3262 et
507 3207 602 3261 moniti
620 3207 733 3260 meliora
751 3224 904 3274 sequamur.
