2268 3570
425 135 610 188 AENEIDOS
628 137 696 189 LlB.
715 139 750 190 X.
946 144 993 194 281

138 218 329 288 Canitiernque
346 221 398 276 sibi
418 227 447 278 et
464 219 560 290 longos
578 222 744 290 promiserat
763 239 905 291 annos3-

138 296 284 365 Tarquitus
303 300 442 354 exsultans
460 303 556 354 contra
573 297 743 366 fulgentibus
761 302 852 365 armis,
959 315 996 356 sec

138 372 278 426 silvicolae
299 375 390 429 Fauno
410 376 519 446 Dryope
537 389 620 443 quem
639 373 758 442 nq'mpha
774 381 890 445 crearat,

139 448 242 502 Obvius
261 450 370 506 ardenti
391 470 450 506 sese
468 449 579 505 obtulit.
619 451 669 504 llle
687 450 803 505 reducta

139 525 262 580 Loricam
280 528 416 598 clipeique
435 530 530 596 ingens
547 543 616 580 onus
635 527 743 596 inpedit
761 526 855 592 hasta,

138 603 207 655 'lum
224 608 306 671 caput
325 606 428 659 orantis
445 605 613 673 nequiquam
631 609 661 657 et
678 605 766 657 multa
784 605 908 673 paruulis

139 679 236 734 Dicere
253 680 385 735 deturbat
403 686 503 748 terrae,
523 685 706 749 truncumque
725 684 868 748 tepentem
961 699 995 738 aa·

140 755 302 810 Provolvens
319 775 403 828 super
420 759 488 812 haec
506 757 615 811 inimico
634 761 745 826 pectore
762 758 855 812 latur:

140 831 207 884 Istic
223 849 302 900 nunc,
320 835 476 901 metuendo,
493 835 559 887 iace
596 833 659 886 Nou
676 837 706 886 te
724 838 838 903 optuma
856 838 946 887 mater

139 907 246 962 Condat
263 909 353 977 humo,
372 912 517 979 patrioque
533 908 662 962 onerabit
680 909 804 962 membra
821 909 982 977 sepulchro:

143 983 264 1038 Alitibus
281 985 406 1054 linquere
424 986 497 1049 ieris,
517 989 565 1038 aut
583 986 692 1052 gurgite
709 1003 831 1038 mersum

140 1060 221 1115 llnda
238 1062 316 1127 feret,
333 1063 476 1130 piscesque
492 1062 592 1129 inpasti
611 1062 720 1116 volnera
736 1062 866 1116 lambent.
959 1078 996 1115 eoo

141 1137 268 1192 Protinus
289 1141 427 1192 Antaeum
444 1143 476 1193 et
495 1138 604 1205 Lucam,
624 1139 712 1206 prima
729 1140 842 1206 agmina
858 1138 953 1198 Turni,

141 1213 327 1284 Persequitur,
340 1217 496 1284 fortemque
509 1215 635 1280 Numam,
650 1215 809 1284 fulvumque
824 1215 987 1280 Camertem,

140 1290 313 1359 Magnanimo
333 1293 480 1346 Volscente
498 1295 596 1359 satum,
615 1291 767 1345 ditissimus
786 1293 844 1360 agri

139 1365 193 1430 Qui
210 1368 263 1422 fuit
282 1368 461 1433 Ausonidum,
478 1373 508 1422 ct
526 1368 619 1422 tacitis
636 1369 764 1435 regnauit
784 1368 912 1438 Amyclis

141 1445 271 1510 Aegaeon
290 1445 386 1512 qualis,
404 1449 516 1498 centum
533 1445 578 1497 eui
596 1445 724 1498 bracchia
740 1445 838 1498 dieunt
958 1459 996 1496 sos

139 1519 331 1587 Centenasque
349 1537 452 1586 manus,
470 1521 672 1586 quinquaginta
689 1520 784 1572 oribus
802 1522 893 1587 ignem

141 1593 355 1661 Pectoribusque
374 1595 480 1660 arsisse,
500 1594 573 1646 Iovis
592 1611 653 1646 cum
673 1595 787 1647 fulmina
803 1600 901 1648 contra

140 1670 192 1724 'lot
210 1671 321 1739 paribus
340 1674 477 1738 streperet
493 1670 596 1737 clipeis,
615 1674 658 1722 tot
677 1670 827 1736 stringeret
843 1687 938 1724 enses:

140 1747 185 1802 Sic
202 1751 261 1800 toto
282 1748 390 1800 Aeneas
409 1746 533 1800 desaevit
551 1747 579 1799 in
598 1763 718 1814 aequore
737 1747 831 1812 victor,

141 1822 181 1877 Ut
199 1823 283 1877 semel
301 1824 421 1892 intepuit
439 1839 542 1876 naucro.
581 1823 652 1886 Quin
672 1839 735 1875 ecce
755 1822 872 1890 Niphaei
960 1835 996 1874 oro

140 1899 317 1967 Quadriiugis
335 1899 363 1952 in
380 1915 468 1968 equos
485 1899 658 1967 adversaque
675 1902 788 1967 pectora
805 1897 906 1951 tendit.

142 1977 235 2044 Atque
254 1977 300 2041 illi,
320 1976 402 2044 longe
419 1975 594 2044 gradientem
612 1979 642 2028 et
660 1975 721 2028 dira
740 1975 903 2028 frementem

141 2051 181 2105 Ut
199 2053 301 2119 videre,
320 2057 397 2105 metu
415 2053 487 2105 versi
505 2057 637 2119 retroque
656 2055 769 2103 ruentes

141 2127 348 2196 Effunduntque
366 2127 473 2192 ducem,
492 2130 658 2194 rapiuntque
675 2127 713 2178 ad
730 2127 812 2178 litora
828 2141 935 2177 currus.

144 2204 253 2257 Interea
270 2203 371 2270 biiugis
390 2202 474 2254 infert
493 2219 523 2255 se
542 2203 666 2268 Lucagus
684 2201 754 2254 albis
959 2212 996 2252 ⁵75

142 2280 176 2333 ln
194 2279 305 2345 medios,
325 2279 464 2345 materque
485 2279 582 2344 Liger;
606 2277 656 2330 sed
674 2278 761 2330 frater
779 2275 894 2328 habenis

142 2356 243 2409 Flectit
260 2373 353 2424 equos,
373 2355 500 2408 strictum
519 2358 593 2407 rotat
612 2371 674 2406 acer
694 2354 818 2419 Lucagus
836 2367 940 2404 ensem.

143 2432 226 2484 Haud
244 2432 310 2484 tulit
328 2433 438 2484 Aeneas
456 2434 535 2484 tanto
554 2431 660 2482 fervore
679 2429 808 2482 furentis:

142 2508 239 2575 Inruit,
257 2508 426 2576 adversaque
445 2507 540 2573 ingens
558 2506 686 2572 adparuit
704 2505 789 2558 hasta.

141 2583 193 2636 Cui
208 2584 301 2651 Liger:
960 2591 997 2628 ⁵⁸?

142 2659 204 2712 Non
223 2659 365 2712 Diomedis
382 2677 475 2726 equos,
495 2676 544 2712 nec
562 2675 672 2711 currum
691 2657 781 2710 cernis
801 2653 908 2719 Achilli,

142 2737 202 2789 Aut
221 2735 355 2802 Phrygiae
373 2751 497 2802 carnpos:
515 2751 586 2786 nuuc
605 2733 669 2786 belli
688 2733 750 2785 finis
768 2736 798 2784 et
815 2730 875 2784 aevi

143 2801 195 2863 His
213 2811 325 2863 dabitur
343 2809 432 2862 terris.
471 2809 578 2862 Vesano
598 2808 664 2860 tolia
683 2809 738 2861 late

142 2887 223 2941 Dicta
240 2887 332 2940 volant
352 2885 449 2952 Ligeri.
487 2885 542 2938 Sed
561 2902 614 2938 non
633 2889 662 2938 et
681 2884 777 2937 Troius
795 2882 876 2934 heros

143 2963 223 3017 Dicta
235 2966 315 3031 parat
328 2965 438 3025 contra;
456 2962 572 3014 iaculum
586 2979 648 3014 nam
662 2963 775 3028 torquet
787 2959 815 3010 in
828 2957 944 3008 hostem.
960 2966 996 3004 osa

144 3038 267 3106 Lucagus
285 3041 317 3090 ut
335 3054 437 3105 pronus
455 3037 578 3105 pendens
596 3037 624 3089 in
643 3037 758 3090 verbera
777 3033 832 3086 telo

144 3113 295 3168 Admonuit
313 3114 428 3182 biiugos,
446 3113 568 3182 proiecto
588 3113 653 3166 dum
667 3111 738 3180 pedo
756 3110 832 3161 laevo

146 3193 233 3260 Aptat
251 3208 280 3244 se
296 3207 411 3260 pugnae,
430 3189 505 3243 subit
523 3205 584 3242 oras
603 3188 682 3254 hasta
699 3202 749 3253 ner
767 3186 835 3236 imas
