<?xml version="1.0" encoding="UTF-8"?>
<!DOCTYPE html PUBLIC "-//W3C//DTD XHTML 1.0 Transitional//EN"
    "http://www.w3.org/TR/xhtml1/DTD/xhtml1-transitional.dtd">
<html xmlns="http://www.w3.org/1999/xhtml" xml:lang="en" lang="en">
 <head>
  <title>
</title>
<meta http-equiv="Content-Type" content="text/html;charset=utf-8" />
  <meta name='ocr-system' content='tesseract 3.04.00' />
  <meta name='ocr-capabilities' content='ocr_page ocr_carea ocr_par ocr_line ocrx_word'/>
</head>
<body>
  <div class='ocr_page' id='page_1' title='image "./operaexrecensio01virggoog_0315.png"; bbox 0 0 2268 3570; ppageno 0'>
   <div class='ocr_carea' id='block_1_1' title="bbox 124 163 738 221">
    <p class='ocr_par' dir='ltr' id='par_1_1' title="bbox 124 163 738 221">
     <span class='ocr_line' id='line_1_1' title="bbox 124 163 738 221; baseline -0.011 0"><span class='ocrx_word' id='word_1_1' title='bbox 124 175 170 221; x_wconf 77' lang='grc'><strong>306</strong></span> <span class='ocrx_word' id='word_1_2' title='bbox 355 169 381 213; x_wconf 86' lang='lat' dir='ltr'><strong>P.</strong></span> <span class='ocrx_word' id='word_1_3' title='bbox 404 166 553 214; x_wconf 81' lang='lat' dir='ltr'><strong>VERGILI</strong></span> <span class='ocrx_word' id='word_1_4' title='bbox 570 163 738 214; x_wconf 87' lang='lat' dir='ltr'><strong>MARONIS</strong></span> 
     </span>
    </p>
   </div>
   <div class='ocr_carea' id='block_1_2' title="bbox 8 245 973 3121">
    <p class='ocr_par' dir='ltr' id='par_1_2' title="bbox 122 245 973 1828">
     <span class='ocr_line' id='line_1_2' title="bbox 122 245 796 316; baseline -0.004 -13"><span class='ocrx_word' id='word_1_5' title='bbox 122 251 193 303; x_wconf 84' lang='lat' dir='ltr'><strong>Saxa</strong></span> <span class='ocrx_word' id='word_1_6' title='bbox 205 247 282 316; x_wconf 66' lang='lat' dir='ltr'><strong>fug‘t,</strong></span> <span class='ocrx_word' id='word_1_7' title='bbox 301 248 422 316; x_wconf 89' lang='lat' dir='ltr'><strong>litusque</strong></span> <span class='ocrx_word' id='word_1_8' title='bbox 443 247 512 300; x_wconf 90' lang='lat' dir='ltr'><strong>vado</strong></span> <span class='ocrx_word' id='word_1_9' title='bbox 530 245 640 300; x_wconf 90' lang='lat' dir='ltr'><strong>labente</strong></span> <span class='ocrx_word' id='word_1_10' title='bbox 658 246 796 314; x_wconf 81' lang='lat' dir='ltr'><strong>relinquit.</strong></span> 
     </span>
     <span class='ocr_line' id='line_1_3' title="bbox 125 323 822 392; baseline -0.003 -14"><span class='ocrx_word' id='word_1_11' title='bbox 125 327 170 378; x_wconf 90' lang='lat' dir='ltr'><strong>Bis</strong></span> <span class='ocrx_word' id='word_1_12' title='bbox 192 325 271 377; x_wconf 85' lang='lat' dir='ltr'><strong>Tusci</strong></span> <span class='ocrx_word' id='word_1_13' title='bbox 294 325 411 379; x_wconf 84' lang='lat' dir='ltr'><strong>Rutulos</strong></span> <span class='ocrx_word' id='word_1_14' title='bbox 432 340 514 392; x_wconf 90' lang='lat' dir='ltr'><strong>egere</strong></span> <span class='ocrx_word' id='word_1_15' title='bbox 533 323 569 376; x_wconf 92' lang='lat' dir='ltr'><strong>ad</strong></span> <span class='ocrx_word' id='word_1_16' title='bbox 590 323 696 376; x_wconf 89' lang='lat' dir='ltr'><strong>moenia</strong></span> <span class='ocrx_word' id='word_1_17' title='bbox 715 340 822 390; x_wconf 85' lang='lat' dir='ltr'><strong>versos;</strong></span> 
     </span>
     <span class='ocr_line' id='line_1_4' title="bbox 126 401 973 468; baseline 0.005 -16"><span class='ocrx_word' id='word_1_18' title='bbox 126 403 170 454; x_wconf 86' lang='lat' dir='ltr'><strong>Bis</strong></span> <span class='ocrx_word' id='word_1_19' title='bbox 190 401 284 454; x_wconf 87' lang='lat' dir='ltr'><strong>reiecti</strong></span> <span class='ocrx_word' id='word_1_20' title='bbox 305 402 388 454; x_wconf 78' lang='lat' dir='ltr'><strong>arinis</strong></span> <span class='ocrx_word' id='word_1_21' title='bbox 409 403 565 468; x_wconf 71' lang='lat' dir='ltr'>respectant</span> <span class='ocrx_word' id='word_1_22' title='bbox 584 404 662 467; x_wconf 75' lang='lat' dir='ltr'><strong>terga</strong></span> <span class='ocrx_word' id='word_1_23' title='bbox 682 402 814 467; x_wconf 86' lang='lat' dir='ltr'><strong>tegentes.</strong></span> <span class='ocrx_word' id='word_1_24' title='bbox 936 415 973 456; x_wconf 70' lang='lat' dir='ltr'><strong>mo</strong></span> 
     </span>
     <span class='ocr_line' id='line_1_5' title="bbox 122 474 869 546; baseline -0.001 -16"><span class='ocrx_word' id='word_1_25' title='bbox 122 477 215 530; x_wconf 84' lang='lat' dir='ltr'><strong>Tertia</strong></span> <span class='ocrx_word' id='word_1_26' title='bbox 236 475 283 529; x_wconf 90' lang='lat' dir='ltr'><strong>sed</strong></span> <span class='ocrx_word' id='word_1_27' title='bbox 303 480 447 546; x_wconf 80' lang='lat' dir='ltr'><strong>postquam</strong></span> <span class='ocrx_word' id='word_1_28' title='bbox 468 475 605 543; x_wconf 81' lang='lat' dir='ltr'><strong>congressi</strong></span> <span class='ocrx_word' id='word_1_29' title='bbox 624 475 652 527; x_wconf 89' lang='lat' dir='ltr'><strong>iu</strong></span> <span class='ocrx_word' id='word_1_30' title='bbox 671 474 775 542; x_wconf 87' lang='lat' dir='ltr'><strong>proelia</strong></span> <span class='ocrx_word' id='word_1_31' title='bbox 795 478 869 529; x_wconf 86' lang='lat' dir='ltr'><strong>totas</strong></span> 
     </span>
     <span class='ocr_line' id='line_1_6' title="bbox 123 550 847 621; baseline 0.001 -17"><span class='ocrx_word' id='word_1_32' title='bbox 123 552 277 621; x_wconf 90' lang='lat' dir='ltr'><strong>Inplicuere</strong></span> <span class='ocrx_word' id='word_1_33' title='bbox 297 553 369 606; x_wconf 86' lang='lat' dir='ltr'><strong>inter</strong></span> <span class='ocrx_word' id='word_1_34' title='bbox 391 569 420 606; x_wconf 91' lang='lat' dir='ltr'><strong>se</strong></span> <span class='ocrx_word' id='word_1_35' title='bbox 441 551 520 618; x_wconf 89' lang='lat' dir='ltr'><strong>acies,</strong></span> <span class='ocrx_word' id='word_1_36' title='bbox 541 551 663 619; x_wconf 88' lang='lat' dir='ltr'><strong>legitque</strong></span> <span class='ocrx_word' id='word_1_37' title='bbox 683 551 771 604; x_wconf 83' lang='lat' dir='ltr'><strong>virum</strong></span> <span class='ocrx_word' id='word_1_38' title='bbox 790 550 847 605; x_wconf 81' lang='lat' dir='ltr'><strong>vir:</strong></span> 
     </span>
     <span class='ocr_line' id='line_1_7' title="bbox 122 626 960 696; baseline 0.001 -15"><span class='ocrx_word' id='word_1_39' title='bbox 122 629 189 681; x_wconf 83' lang='lat' dir='ltr'><strong>Tum</strong></span> <span class='ocrx_word' id='word_1_40' title='bbox 211 645 274 682; x_wconf 86' lang='lat' dir='ltr'><strong>vero</strong></span> <span class='ocrx_word' id='word_1_41' title='bbox 294 633 323 682; x_wconf 89' lang='lat' dir='ltr'><strong>et</strong></span> <span class='ocrx_word' id='word_1_42' title='bbox 341 628 460 696; x_wconf 87' lang='lat' dir='ltr'><strong>gemitus</strong></span> <span class='ocrx_word' id='word_1_43' title='bbox 479 627 651 693; x_wconf 90' lang='lat' dir='ltr'><strong>morientum,</strong></span> <span class='ocrx_word' id='word_1_44' title='bbox 665 629 693 680; x_wconf 95' lang='lat' dir='ltr'><strong>et</strong></span> <span class='ocrx_word' id='word_1_45' title='bbox 710 626 840 693; x_wconf 87' lang='lat' dir='ltr'><strong>sanguine</strong></span> <span class='ocrx_word' id='word_1_46' title='bbox 859 627 887 680; x_wconf 93' lang='lat' dir='ltr'><strong>in</strong></span> <span class='ocrx_word' id='word_1_47' title='bbox 904 629 960 682; x_wconf 85' lang='lat' dir='ltr'><strong>alto</strong></span> 
     </span>
     <span class='ocr_line' id='line_1_8' title="bbox 122 702 891 773; baseline -0.001 -16"><span class='ocrx_word' id='word_1_48' title='bbox 122 707 263 773; x_wconf 80' lang='lat' dir='ltr'><strong>Armaque</strong></span> <span class='ocrx_word' id='word_1_49' title='bbox 282 721 449 773; x_wconf 83' lang='lat' dir='ltr'><strong>corporaque</strong></span> <span class='ocrx_word' id='word_1_50' title='bbox 471 707 500 756; x_wconf 92' lang='lat' dir='ltr'><strong>et</strong></span> <span class='ocrx_word' id='word_1_51' title='bbox 518 703 648 772; x_wconf 80' lang='lat' dir='ltr'><strong>permixti</strong></span> <span class='ocrx_word' id='word_1_52' title='bbox 668 702 751 756; x_wconf 89' lang='lat' dir='ltr'><strong>caede</strong></span> <span class='ocrx_word' id='word_1_53' title='bbox 772 703 891 756; x_wconf 90' lang='lat' dir='ltr'><strong>virorum</strong></span> 
     </span>
     <span class='ocr_line' id='line_1_9' title="bbox 122 779 972 847; baseline 0 -13"><span class='ocrx_word' id='word_1_54' title='bbox 122 780 300 836; x_wconf 78' lang='lat' dir='ltr'><strong>Semianimes</strong></span> <span class='ocrx_word' id='word_1_55' title='bbox 318 781 463 834; x_wconf 88' lang='lat' dir='ltr'><strong>volvuntur</strong></span> <span class='ocrx_word' id='word_1_56' title='bbox 483 779 561 847; x_wconf 90' lang='lat' dir='ltr'><strong>equi;</strong></span> <span class='ocrx_word' id='word_1_57' title='bbox 580 796 671 847; x_wconf 88' lang='lat' dir='ltr'><strong>pugna</strong></span> <span class='ocrx_word' id='word_1_58' title='bbox 690 795 785 846; x_wconf 91' lang='lat' dir='ltr'><strong>aspera</strong></span> <span class='ocrx_word' id='word_1_59' title='bbox 806 779 900 847; x_wconf 86' lang='lat' dir='ltr'><strong>surgit.</strong></span> <span class='ocrx_word' id='word_1_60' title='bbox 937 795 972 834; x_wconf 82' lang='lat' dir='ltr'><strong>ms</strong></span> 
     </span>
     <span class='ocr_line' id='line_1_10' title="bbox 122 852 909 923; baseline -0.003 -15"><span class='ocrx_word' id='word_1_61' title='bbox 122 857 279 910; x_wconf 85' lang='lat' dir='ltr'><strong>Orsilochus</strong></span> <span class='ocrx_word' id='word_1_62' title='bbox 300 856 416 922; x_wconf 85' lang='lat' dir='ltr'><strong>Remuli,</strong></span> <span class='ocrx_word' id='word_1_63' title='bbox 439 855 547 923; x_wconf 90' lang='lat' dir='ltr'><strong>quando</strong></span> <span class='ocrx_word' id='word_1_64' title='bbox 566 855 655 922; x_wconf 89' lang='lat' dir='ltr'><strong>ipsum</strong></span> <span class='ocrx_word' id='word_1_65' title='bbox 676 852 806 906; x_wconf 79' lang='lat' dir='ltr'><strong>horrebat</strong></span> <span class='ocrx_word' id='word_1_66' title='bbox 825 853 909 922; x_wconf 87' lang='lat' dir='ltr'><strong>adire,</strong></span> 
     </span>
     <span class='ocr_line' id='line_1_11' title="bbox 122 928 940 1000; baseline -0.001 -16"><span class='ocrx_word' id='word_1_67' title='bbox 122 931 240 986; x_wconf 81' lang='lat' dir='ltr'><strong>Hastam</strong></span> <span class='ocrx_word' id='word_1_68' title='bbox 261 933 370 986; x_wconf 88' lang='lat' dir='ltr'><strong>intorsit</strong></span> <span class='ocrx_word' id='word_1_69' title='bbox 390 948 468 1000; x_wconf 91' lang='lat' dir='ltr'><strong>equo,</strong></span> <span class='ocrx_word' id='word_1_70' title='bbox 488 931 645 998; x_wconf 87' lang='lat' dir='ltr'><strong>ferrumque</strong></span> <span class='ocrx_word' id='word_1_71' title='bbox 664 928 714 982; x_wconf 89' lang='lat' dir='ltr'><strong>sub</strong></span> <span class='ocrx_word' id='word_1_72' title='bbox 735 945 800 982; x_wconf 88' lang='lat' dir='ltr'><strong>aure</strong></span> <span class='ocrx_word' id='word_1_73' title='bbox 821 929 940 998; x_wconf 89' lang='lat' dir='ltr'><strong>reliquit.</strong></span> 
     </span>
     <span class='ocr_line' id='line_1_12' title="bbox 123 1005 838 1076; baseline 0 -16"><span class='ocrx_word' id='word_1_74' title='bbox 123 1008 182 1071; x_wconf 84' lang='lat' dir='ltr'><strong>Quo</strong></span> <span class='ocrx_word' id='word_1_75' title='bbox 202 1009 309 1076; x_wconf 86' lang='lat' dir='ltr'><strong>sonipes</strong></span> <span class='ocrx_word' id='word_1_76' title='bbox 327 1008 384 1062; x_wconf 87' lang='lat' dir='ltr'><strong>ictu</strong></span> <span class='ocrx_word' id='word_1_77' title='bbox 405 1009 472 1069; x_wconf 84' lang='lat' dir='ltr'><strong>furit</strong></span> <span class='ocrx_word' id='word_1_78' title='bbox 492 1005 601 1071; x_wconf 89' lang='lat' dir='ltr'><strong>arduus,</strong></span> <span class='ocrx_word' id='word_1_79' title='bbox 622 1005 733 1073; x_wconf 84' lang='lat' dir='ltr'><strong>altaque</strong></span> <span class='ocrx_word' id='word_1_80' title='bbox 753 1005 838 1060; x_wconf 85' lang='lat' dir='ltr'><strong>iactat</strong></span> 
     </span>
     <span class='ocr_line' id='line_1_13' title="bbox 124 1083 765 1152; baseline 0 -18"><span class='ocrx_word' id='word_1_81' title='bbox 124 1083 250 1138; x_wconf 86' lang='lat' dir='ltr'><strong>Volneris</strong></span> <span class='ocrx_word' id='word_1_82' title='bbox 268 1084 404 1152; x_wconf 90' lang='lat' dir='ltr'><strong>inpatiens</strong></span> <span class='ocrx_word' id='word_1_83' title='bbox 424 1087 530 1136; x_wconf 86' lang='lat' dir='ltr'><strong>arrecto</strong></span> <span class='ocrx_word' id='word_1_84' title='bbox 549 1084 659 1148; x_wconf 86' lang='lat' dir='ltr'><strong>pectore</strong></span> <span class='ocrx_word' id='word_1_85' title='bbox 680 1098 765 1134; x_wconf 87' lang='lat' dir='ltr'><strong>crura.</strong></span> 
     </span>
     <span class='ocr_line' id='line_1_14' title="bbox 122 1156 972 1223; baseline -0.004 -11"><span class='ocrx_word' id='word_1_86' title='bbox 122 1160 249 1213; x_wconf 86' lang='lat' dir='ltr'><strong>Volvitur</strong></span> <span class='ocrx_word' id='word_1_87' title='bbox 261 1160 307 1213; x_wconf 91' lang='lat' dir='ltr'><strong>ille</strong></span> <span class='ocrx_word' id='word_1_88' title='bbox 329 1177 458 1213; x_wconf 87' lang='lat' dir='ltr'><strong>excussus</strong></span> <span class='ocrx_word' id='word_1_89' title='bbox 476 1159 559 1211; x_wconf 92' lang='lat' dir='ltr'><strong>humi.</strong></span> <span class='ocrx_word' id='word_1_90' title='bbox 595 1156 709 1210; x_wconf 81' lang='lat' dir='ltr'><strong>Catillus</strong></span> <span class='ocrx_word' id='word_1_91' title='bbox 730 1156 824 1223; x_wconf 89' lang='lat' dir='ltr'><strong>Iollan,</strong></span> <span class='ocrx_word' id='word_1_92' title='bbox 936 1172 972 1210; x_wconf 79' lang='lat' dir='ltr'><strong>eu</strong></span> 
     </span>
     <span class='ocr_line' id='line_1_15' title="bbox 124 1232 887 1303; baseline -0.003 -15"><span class='ocrx_word' id='word_1_93' title='bbox 124 1234 324 1303; x_wconf 89' lang='lat' dir='ltr'><strong>lugentemque</strong></span> <span class='ocrx_word' id='word_1_94' title='bbox 343 1236 446 1301; x_wconf 86' lang='lat' dir='ltr'><strong>animis,</strong></span> <span class='ocrx_word' id='word_1_95' title='bbox 466 1235 604 1301; x_wconf 90' lang='lat' dir='ltr'><strong>ingentem</strong></span> <span class='ocrx_word' id='word_1_96' title='bbox 624 1249 737 1301; x_wconf 88' lang='lat' dir='ltr'><strong>corpore</strong></span> <span class='ocrx_word' id='word_1_97' title='bbox 756 1235 785 1286; x_wconf 87' lang='lat' dir='ltr'><strong>et</strong></span> <span class='ocrx_word' id='word_1_98' title='bbox 803 1232 887 1286; x_wconf 87' lang='lat' dir='ltr'><strong>armis</strong></span> 
     </span>
     <span class='ocr_line' id='line_1_16' title="bbox 124 1307 796 1377; baseline -0.004 -14"><span class='ocrx_word' id='word_1_99' title='bbox 124 1312 223 1364; x_wconf 92' lang='lat' dir='ltr'><strong>Deiicit</strong></span> <span class='ocrx_word' id='word_1_100' title='bbox 244 1311 424 1377; x_wconf 84' lang='lat' dir='ltr'><strong>Herminium,</strong></span> <span class='ocrx_word' id='word_1_101' title='bbox 445 1310 518 1362; x_wconf 92' lang='lat' dir='ltr'><strong>nudo</strong></span> <span class='ocrx_word' id='word_1_102' title='bbox 539 1309 582 1362; x_wconf 88' lang='lat' dir='ltr'><strong>cui</strong></span> <span class='ocrx_word' id='word_1_103' title='bbox 602 1307 703 1361; x_wconf 87' lang='lat' dir='ltr'><strong>vertice</strong></span> <span class='ocrx_word' id='word_1_104' title='bbox 723 1307 796 1360; x_wconf 73' lang='lat' dir='ltr'><strong>sidua</strong></span> 
     </span>
     <span class='ocr_line' id='line_1_17' title="bbox 122 1383 881 1453; baseline -0.003 -14"><span class='ocrx_word' id='word_1_105' title='bbox 122 1387 269 1452; x_wconf 81' lang='lat' dir='ltr'><strong>Caesaries,</strong></span> <span class='ocrx_word' id='word_1_106' title='bbox 287 1386 408 1453; x_wconf 87' lang='lat' dir='ltr'><strong>nudique</strong></span> <span class='ocrx_word' id='word_1_107' title='bbox 427 1385 549 1448; x_wconf 77' lang='lat' dir='ltr'><strong>humeri3</strong></span> <span class='ocrx_word' id='word_1_108' title='bbox 566 1401 616 1436; x_wconf 88' lang='lat' dir='ltr'><strong>nec</strong></span> <span class='ocrx_word' id='word_1_109' title='bbox 634 1383 744 1436; x_wconf 79' lang='lat' dir='ltr'><strong>volnera</strong></span> <span class='ocrx_word' id='word_1_110' title='bbox 761 1387 881 1448; x_wconf 90' lang='lat' dir='ltr'><strong>terrent;</strong></span> 
     </span>
     <span class='ocr_line' id='line_1_18' title="bbox 123 1458 939 1530; baseline -0.001 -16"><span class='ocrx_word' id='word_1_111' title='bbox 123 1462 225 1514; x_wconf 85' lang='lat' dir='ltr'><strong>Tantus</strong></span> <span class='ocrx_word' id='word_1_112' title='bbox 243 1463 270 1514; x_wconf 92' lang='lat' dir='ltr'><strong>iu</strong></span> <span class='ocrx_word' id='word_1_113' title='bbox 289 1478 366 1514; x_wconf 86' lang='lat' dir='ltr'><strong>arma</strong></span> <span class='ocrx_word' id='word_1_114' title='bbox 383 1465 466 1530; x_wconf 87' lang='lat' dir='ltr'><strong>patet.</strong></span> <span class='ocrx_word' id='word_1_115' title='bbox 504 1460 587 1517; x_wconf 83' lang='lat' dir='ltr'><strong>Latos</strong></span> <span class='ocrx_word' id='word_1_116' title='bbox 605 1459 668 1512; x_wconf 86' lang='lat' dir='ltr'><strong>huic</strong></span> <span class='ocrx_word' id='word_1_117' title='bbox 686 1458 765 1512; x_wconf 87' lang='lat' dir='ltr'><strong>hasta</strong></span> <span class='ocrx_word' id='word_1_118' title='bbox 782 1476 831 1527; x_wconf 92' lang='lat' dir='ltr'><strong>per</strong></span> <span class='ocrx_word' id='word_1_119' title='bbox 849 1476 939 1513; x_wconf 90' lang='lat' dir='ltr'><strong>armos</strong></span> 
     </span>
     <span class='ocr_line' id='line_1_19' title="bbox 124 1534 972 1605; baseline 0.001 -16"><span class='ocrx_word' id='word_1_120' title='bbox 124 1538 196 1591; x_wconf 85' lang='lat' dir='ltr'><strong>Acta</strong></span> <span class='ocrx_word' id='word_1_121' title='bbox 213 1538 314 1604; x_wconf 89' lang='lat' dir='ltr'><strong>tremit,</strong></span> <span class='ocrx_word' id='word_1_122' title='bbox 334 1537 509 1605; x_wconf 74' lang='lat' dir='ltr'><strong>duplicatque</strong></span> <span class='ocrx_word' id='word_1_123' title='bbox 527 1535 614 1588; x_wconf 89' lang='lat' dir='ltr'><strong>virum</strong></span> <span class='ocrx_word' id='word_1_124' title='bbox 633 1535 765 1588; x_wconf 85' lang='lat' dir='ltr'><strong>transfixa</strong></span> <span class='ocrx_word' id='word_1_125' title='bbox 783 1534 883 1588; x_wconf 90' lang='lat' dir='ltr'><strong>dolore.</strong></span> <span class='ocrx_word' id='word_1_126' title='bbox 936 1550 972 1590; x_wconf 74' lang='lat' dir='ltr'><strong>oss</strong></span> 
     </span>
     <span class='ocr_line' id='line_1_20' title="bbox 124 1611 864 1681; baseline -0.001 -16"><span class='ocrx_word' id='word_1_127' title='bbox 124 1613 261 1672; x_wconf 82' lang='lat' dir='ltr'><strong>Funditur</strong></span> <span class='ocrx_word' id='word_1_128' title='bbox 279 1618 339 1667; x_wconf 86' lang='lat' dir='ltr'><strong>ater</strong></span> <span class='ocrx_word' id='word_1_129' title='bbox 357 1614 458 1681; x_wconf 88' lang='lat' dir='ltr'><strong>ubique</strong></span> <span class='ocrx_word' id='word_1_130' title='bbox 477 1629 574 1676; x_wconf 90' lang='lat' dir='ltr'><strong>cru0r;</strong></span> <span class='ocrx_word' id='word_1_131' title='bbox 593 1611 660 1664; x_wconf 89' lang='lat' dir='ltr'><strong>dant</strong></span> <span class='ocrx_word' id='word_1_132' title='bbox 677 1611 774 1663; x_wconf 83' lang='lat' dir='ltr'><strong>lunera</strong></span> <span class='ocrx_word' id='word_1_133' title='bbox 791 1611 864 1664; x_wconf 88' lang='lat' dir='ltr'><strong>ferro</strong></span> 
     </span>
     <span class='ocr_line' id='line_1_21' title="bbox 124 1686 943 1758; baseline -0.004 -16"><span class='ocrx_word' id='word_1_134' title='bbox 124 1689 275 1756; x_wconf 81' lang='lat' dir='ltr'><strong>Certautcs,</strong></span> <span class='ocrx_word' id='word_1_135' title='bbox 294 1690 489 1758; x_wconf 87' lang='lat' dir='ltr'><strong>pulchramque</strong></span> <span class='ocrx_word' id='word_1_136' title='bbox 507 1691 607 1756; x_wconf 88' lang='lat' dir='ltr'><strong>petunt</strong></span> <span class='ocrx_word' id='word_1_137' title='bbox 624 1703 674 1754; x_wconf 91' lang='lat' dir='ltr'><strong>per</strong></span> <span class='ocrx_word' id='word_1_138' title='bbox 692 1686 802 1739; x_wconf 88' lang='lat' dir='ltr'><strong>volnera</strong></span> <span class='ocrx_word' id='word_1_139' title='bbox 820 1689 943 1741; x_wconf 88' lang='lat' dir='ltr'><strong>mortem.</strong></span> 
     </span>
     <span class='ocr_line' id='line_1_22' title="bbox 160 1762 811 1828; baseline -0.006 -10"><span class='ocrx_word' id='word_1_140' title='bbox 160 1767 198 1818; x_wconf 88' lang='lat' dir='ltr'><strong>At</strong></span> <span class='ocrx_word' id='word_1_141' title='bbox 217 1765 319 1818; x_wconf 89' lang='lat' dir='ltr'><strong>medias</strong></span> <span class='ocrx_word' id='word_1_142' title='bbox 337 1765 410 1819; x_wconf 89' lang='lat' dir='ltr'><strong>inter</strong></span> <span class='ocrx_word' id='word_1_143' title='bbox 427 1764 525 1818; x_wconf 87' lang='lat' dir='ltr'><strong>caedes</strong></span> <span class='ocrx_word' id='word_1_144' title='bbox 543 1762 664 1816; x_wconf 84' lang='lat' dir='ltr'><strong>exsultat</strong></span> <span class='ocrx_word' id='word_1_145' title='bbox 683 1763 811 1828; x_wconf 84' lang='lat' dir='ltr'><strong>Amazon,</strong></span> 
     </span>
    </p>

    <p class='ocr_par' dir='ltr' id='par_1_3' title="bbox 123 1838 972 2121">
     <span class='ocr_line' id='line_1_23' title="bbox 123 1838 894 1908; baseline -0.003 -14"><span class='ocrx_word' id='word_1_146' title='bbox 123 1840 216 1894; x_wconf 88' lang='lat' dir='ltr'><strong>Unum</strong></span> <span class='ocrx_word' id='word_1_147' title='bbox 235 1845 344 1895; x_wconf 86' lang='lat' dir='ltr'><strong>exserta</strong></span> <span class='ocrx_word' id='word_1_148' title='bbox 361 1841 433 1894; x_wconf 88' lang='lat' dir='ltr'><strong>latus</strong></span> <span class='ocrx_word' id='word_1_149' title='bbox 451 1856 566 1908; x_wconf 89' lang='lat' dir='ltr'><strong>pugnae,</strong></span> <span class='ocrx_word' id='word_1_150' title='bbox 584 1838 745 1907; x_wconf 87' lang='lat' dir='ltr'><strong>pharetrata</strong></span> <span class='ocrx_word' id='word_1_151' title='bbox 763 1838 877 1892; x_wconf 81' lang='lat' dir='ltr'><strong>Camilla</strong></span> <span class='ocrx_word' id='word_1_152' title='bbox 887 1858 894 1904; x_wconf 90' lang='lat'>;</span> 
     </span>
     <span class='ocr_line' id='line_1_24' title="bbox 125 1913 972 1984; baseline -0.001 -15"><span class='ocrx_word' id='word_1_153' title='bbox 125 1917 160 1970; x_wconf 81' lang='lat' dir='ltr'><strong>m</strong></span> <span class='ocrx_word' id='word_1_154' title='bbox 178 1934 248 1970; x_wconf 91' lang='lat' dir='ltr'><strong>nunc</strong></span> <span class='ocrx_word' id='word_1_155' title='bbox 266 1917 340 1970; x_wconf 90' lang='lat' dir='ltr'><strong>lenta</strong></span> <span class='ocrx_word' id='word_1_156' title='bbox 358 1934 440 1970; x_wconf 87' lang='lat' dir='ltr'><strong>manu</strong></span> <span class='ocrx_word' id='word_1_157' title='bbox 459 1933 589 1984; x_wconf 83' lang='lat' dir='ltr'><strong>spargens</strong></span> <span class='ocrx_word' id='word_1_158' title='bbox 606 1914 716 1968; x_wconf 87' lang='lat' dir='ltr'><strong>hastilia</strong></span> <span class='ocrx_word' id='word_1_159' title='bbox 734 1913 837 1980; x_wconf 88' lang='lat' dir='ltr'><strong>denset,</strong></span> <span class='ocrx_word' id='word_1_160' title='bbox 937 1929 972 1968; x_wconf 78' lang='lat' dir='ltr'><strong>oto</strong></span> 
     </span>
     <span class='ocr_line' id='line_1_25' title="bbox 124 1988 879 2060; baseline -0.004 -16"><span class='ocrx_word' id='word_1_161' title='bbox 124 1992 148 2044; x_wconf 92' lang='lat' dir='ltr'>N</span> <span class='ocrx_word' id='word_1_162' title='bbox 151 2009 202 2044; x_wconf 92' lang='lat' dir='ltr'><strong>unc</strong></span> <span class='ocrx_word' id='word_1_163' title='bbox 220 1992 337 2045; x_wconf 83' lang='lat' dir='ltr'><strong>validam</strong></span> <span class='ocrx_word' id='word_1_164' title='bbox 356 1993 455 2045; x_wconf 84' lang='lat' dir='ltr'><strong>dextra</strong></span> <span class='ocrx_word' id='word_1_165' title='bbox 472 1993 545 2060; x_wconf 87' lang='lat' dir='ltr'><strong>rapit</strong></span> <span class='ocrx_word' id='word_1_166' title='bbox 562 1990 699 2043; x_wconf 86' lang='lat' dir='ltr'><strong>indelessa</strong></span> <span class='ocrx_word' id='word_1_167' title='bbox 716 1988 879 2057; x_wconf 67' lang='lat' dir='ltr'><strong>bipennem</strong></span> 
     </span>
     <span class='ocr_line' id='line_1_26' title="bbox 126 2065 879 2121; baseline -0.003 -1"><span class='ocrx_word' id='word_1_168' title='bbox 126 2069 233 2121; x_wconf 88' lang='lat' dir='ltr'><strong>Aureus</strong></span> <span class='ocrx_word' id='word_1_169' title='bbox 252 2085 286 2121; x_wconf 83' lang='lat' dir='ltr'><strong>ex</strong></span> <span class='ocrx_word' id='word_1_170' title='bbox 303 2067 416 2120; x_wconf 91' lang='lat' dir='ltr'><strong>humero</strong></span> <span class='ocrx_word' id='word_1_171' title='bbox 434 2073 512 2120; x_wconf 88' lang='lat' dir='ltr'><strong>sonat</strong></span> <span class='ocrx_word' id='word_1_172' title='bbox 530 2083 609 2119; x_wconf 87' lang='lat' dir='ltr'><strong>arcus</strong></span> <span class='ocrx_word' id='word_1_173' title='bbox 627 2069 656 2118; x_wconf 90' lang='lat' dir='ltr'><strong>et</strong></span> <span class='ocrx_word' id='word_1_174' title='bbox 674 2081 749 2118; x_wconf 88' lang='lat' dir='ltr'><strong>arma</strong></span> <span class='ocrx_word' id='word_1_175' title='bbox 768 2065 879 2118; x_wconf 85' lang='lat' dir='ltr'><strong>Dianae.</strong></span> 
     </span>
    </p>

    <p class='ocr_par' dir='ltr' id='par_1_4' title="bbox 26 2141 860 2288">
     <span class='ocr_line' id='line_1_27' title="bbox 26 2141 860 2212; baseline -0.002 -16"><span class='ocrx_word' id='word_1_176' title='bbox 26 2173 28 2178; x_wconf 94' lang='lat'>·</span> <span class='ocrx_word' id='word_1_177' title='bbox 127 2144 176 2196; x_wconf 90' lang='lat' dir='ltr'><strong>llla</strong></span> <span class='ocrx_word' id='word_1_178' title='bbox 194 2144 284 2211; x_wconf 88' lang='lat' dir='ltr'><strong>etiam,</strong></span> <span class='ocrx_word' id='word_1_179' title='bbox 303 2144 325 2196; x_wconf 89' lang='lat' dir='ltr'><strong>si</strong></span> <span class='ocrx_word' id='word_1_180' title='bbox 344 2143 453 2212; x_wconf 87' lang='lat' dir='ltr'><strong>quando</strong></span> <span class='ocrx_word' id='word_1_181' title='bbox 471 2143 497 2195; x_wconf 91' lang='lat' dir='ltr'><strong>in</strong></span> <span class='ocrx_word' id='word_1_182' title='bbox 517 2147 625 2209; x_wconf 90' lang='lat' dir='ltr'><strong>tergum</strong></span> <span class='ocrx_word' id='word_1_183' title='bbox 643 2142 721 2210; x_wconf 86' lang='lat' dir='ltr'><strong>pulsa</strong></span> <span class='ocrx_word' id='word_1_184' title='bbox 738 2141 860 2208; x_wconf 88' lang='lat' dir='ltr'><strong>recessit,</strong></span> 
     </span>
     <span class='ocr_line' id='line_1_28' title="bbox 124 2217 730 2288; baseline -0.005 -16"><span class='ocrx_word' id='word_1_185' title='bbox 124 2219 232 2288; x_wconf 67' lang='lat' dir='ltr'><strong>Spicula</strong></span> <span class='ocrx_word' id='word_1_186' title='bbox 250 2235 379 2272; x_wconf 87' lang='lat' dir='ltr'><strong>converso</strong></span> <span class='ocrx_word' id='word_1_187' title='bbox 397 2218 530 2285; x_wconf 85' lang='lat' dir='ltr'><strong>fugientia</strong></span> <span class='ocrx_word' id='word_1_188' title='bbox 547 2217 642 2286; x_wconf 82' lang='lat' dir='ltr'><strong>dirigit</strong></span> <span class='ocrx_word' id='word_1_189' title='bbox 659 2234 730 2270; x_wconf 87' lang='lat' dir='ltr'><strong>arcu.</strong></span> 
     </span>
    </p>

    <p class='ocr_par' dir='ltr' id='par_1_5' title="bbox 8 2293 972 2590">
     <span class='ocr_line' id='line_1_29' title="bbox 8 2293 972 2360; baseline -0.003 -11"><span class='ocrx_word' id='word_1_190' title='bbox 8 2301 10 2312; x_wconf 92' lang='lat'>&#39;</span> <span class='ocrx_word' id='word_1_191' title='bbox 105 2298 165 2349; x_wconf 87' lang='lat' dir='ltr'><strong>·At</strong></span> <span class='ocrx_word' id='word_1_192' title='bbox 183 2296 283 2348; x_wconf 91' lang='lat' dir='ltr'><strong>circum</strong></span> <span class='ocrx_word' id='word_1_193' title='bbox 301 2295 388 2348; x_wconf 90' lang='lat' dir='ltr'><strong>lectae</strong></span> <span class='ocrx_word' id='word_1_194' title='bbox 407 2293 527 2357; x_wconf 92' lang='lat' dir='ltr'><strong>comites,</strong></span> <span class='ocrx_word' id='word_1_195' title='bbox 547 2293 699 2360; x_wconf 85' lang='lat' dir='ltr'><strong>Larinaque</strong></span> <span class='ocrx_word' id='word_1_196' title='bbox 718 2293 794 2359; x_wconf 79' lang='lat' dir='ltr'><strong>virgo</strong></span> <span class='ocrx_word' id='word_1_197' title='bbox 936 2307 972 2346; x_wconf 77' lang='lat' dir='ltr'><strong>ess</strong></span> 
     </span>
     <span class='ocr_line' id='line_1_30' title="bbox 124 2367 861 2439; baseline -0.007 -15"><span class='ocrx_word' id='word_1_198' title='bbox 124 2371 255 2439; x_wconf 82' lang='lat' dir='ltr'><strong>Tullaque</strong></span> <span class='ocrx_word' id='word_1_199' title='bbox 273 2375 302 2424; x_wconf 93' lang='lat' dir='ltr'><strong>et</strong></span> <span class='ocrx_word' id='word_1_200' title='bbox 319 2374 440 2424; x_wconf 86' lang='lat' dir='ltr'><strong>aeratam</strong></span> <span class='ocrx_word' id='word_1_201' title='bbox 459 2370 585 2437; x_wconf 87' lang='lat' dir='ltr'><strong>quatiens</strong></span> <span class='ocrx_word' id='word_1_202' title='bbox 603 2368 719 2435; x_wconf 84' lang='lat' dir='ltr'><strong>Tarpeia</strong></span> <span class='ocrx_word' id='word_1_203' title='bbox 738 2367 861 2434; x_wconf 87' lang='lat' dir='ltr'><strong>securim,</strong></span> 
     </span>
     <span class='ocr_line' id='line_1_31' title="bbox 125 2442 780 2514; baseline -0.008 -15"><span class='ocrx_word' id='word_1_204' title='bbox 125 2446 246 2512; x_wconf 79' lang='lat' dir='ltr'><strong>italides,</strong></span> <span class='ocrx_word' id='word_1_205' title='bbox 266 2463 334 2514; x_wconf 90' lang='lat' dir='ltr'><strong>quas</strong></span> <span class='ocrx_word' id='word_1_206' title='bbox 352 2446 411 2513; x_wconf 88' lang='lat' dir='ltr'><strong>ipsa</strong></span> <span class='ocrx_word' id='word_1_207' title='bbox 429 2445 512 2497; x_wconf 91' lang='lat' dir='ltr'><strong>decus</strong></span> <span class='ocrx_word' id='word_1_208' title='bbox 531 2443 582 2496; x_wconf 87' lang='lat' dir='ltr'><strong>sibi</strong></span> <span class='ocrx_word' id='word_1_209' title='bbox 601 2443 646 2496; x_wconf 86' lang='lat' dir='ltr'><strong>dia</strong></span> <span class='ocrx_word' id='word_1_210' title='bbox 665 2442 780 2495; x_wconf 79' lang='lat' dir='ltr'><strong>Camilla</strong></span> 
     </span>
     <span class='ocr_line' id='line_1_32' title="bbox 125 2517 799 2590; baseline -0.006 -16"><span class='ocrx_word' id='word_1_211' title='bbox 125 2522 241 2590; x_wconf 87' lang='lat' dir='ltr'><strong>Delegit,</strong></span> <span class='ocrx_word' id='word_1_212' title='bbox 260 2522 388 2589; x_wconf 86' lang='lat' dir='ltr'><strong>pacisque</strong></span> <span class='ocrx_word' id='word_1_213' title='bbox 406 2520 490 2573; x_wconf 88' lang='lat' dir='ltr'><strong>bonas</strong></span> <span class='ocrx_word' id='word_1_214' title='bbox 508 2519 628 2586; x_wconf 83' lang='lat' dir='ltr'><strong>bellique</strong></span> <span class='ocrx_word' id='word_1_215' title='bbox 646 2517 799 2570; x_wconf 87' lang='lat' dir='ltr'><strong>ministras:</strong></span> 
     </span>
    </p>

    <p class='ocr_par' dir='ltr' id='par_1_6' title="bbox 125 2592 817 2662">
     <span class='ocr_line' id='line_1_33' title="bbox 125 2592 817 2662; baseline -0.009 -11"><span class='ocrx_word' id='word_1_216' title='bbox 125 2599 223 2662; x_wconf 84' lang='lat' dir='ltr'><strong>Quales</strong></span> <span class='ocrx_word' id='word_1_217' title='bbox 242 2597 381 2650; x_wconf 86' lang='lat' dir='ltr'><strong>Threiciae</strong></span> <span class='ocrx_word' id='word_1_218' title='bbox 399 2612 460 2649; x_wconf 89' lang='lat' dir='ltr'><strong>cum</strong></span> <span class='ocrx_word' id='word_1_219' title='bbox 478 2595 589 2647; x_wconf 89' lang='lat' dir='ltr'><strong>flumina</strong></span> <span class='ocrx_word' id='word_1_220' title='bbox 607 2592 817 2646; x_wconf 87' lang='lat' dir='ltr'><strong>Thermodontis</strong></span> 
     </span>
    </p>

    <p class='ocr_par' dir='ltr' id='par_1_7' title="bbox 124 2668 973 2965">
     <span class='ocr_line' id='line_1_34' title="bbox 125 2668 973 2740; baseline -0.007 -13"><span class='ocrx_word' id='word_1_221' title='bbox 125 2674 238 2727; x_wconf 88' lang='lat' dir='ltr'><strong>Pulsant</strong></span> <span class='ocrx_word' id='word_1_222' title='bbox 256 2677 284 2726; x_wconf 90' lang='lat' dir='ltr'><strong>et</strong></span> <span class='ocrx_word' id='word_1_223' title='bbox 301 2673 383 2740; x_wconf 91' lang='lat' dir='ltr'><strong>pictis</strong></span> <span class='ocrx_word' id='word_1_224' title='bbox 400 2670 537 2724; x_wconf 87' lang='lat' dir='ltr'><strong>bellantur</strong></span> <span class='ocrx_word' id='word_1_225' title='bbox 556 2670 708 2722; x_wconf 85' lang='lat' dir='ltr'><strong>Amazones</strong></span> <span class='ocrx_word' id='word_1_226' title='bbox 726 2668 816 2733; x_wconf 88' lang='lat' dir='ltr'><strong>armis,</strong></span> <span class='ocrx_word' id='word_1_227' title='bbox 937 2683 973 2721; x_wconf 78' lang='lat' dir='ltr'><strong>aro</strong></span> 
     </span>
     <span class='ocr_line' id='line_1_35' title="bbox 124 2744 905 2816; baseline -0.009 -13"><span class='ocrx_word' id='word_1_228' title='bbox 124 2749 177 2804; x_wconf 77' lang='lat' dir='ltr'><strong>Seu</strong></span> <span class='ocrx_word' id='word_1_229' title='bbox 195 2750 297 2802; x_wconf 89' lang='lat' dir='ltr'><strong>circum</strong></span> <span class='ocrx_word' id='word_1_230' title='bbox 318 2747 491 2816; x_wconf 88' lang='lat' dir='ltr'><strong>Hippolyten,</strong></span> <span class='ocrx_word' id='word_1_231' title='bbox 511 2761 638 2799; x_wconf 85' lang='lat' dir='ltr'><strong>seucum</strong></span> <span class='ocrx_word' id='word_1_232' title='bbox 657 2761 685 2797; x_wconf 88' lang='lat' dir='ltr'><strong>se</strong></span> <span class='ocrx_word' id='word_1_233' title='bbox 704 2744 807 2798; x_wconf 87' lang='lat' dir='ltr'><strong>Martia</strong></span> <span class='ocrx_word' id='word_1_234' title='bbox 824 2759 905 2797; x_wconf 88' lang='lat' dir='ltr'><strong>curru</strong></span> 
     </span>
     <span class='ocr_line' id='line_1_36' title="bbox 126 2820 954 2894; baseline -0.007 -16"><span class='ocrx_word' id='word_1_235' title='bbox 126 2825 298 2879; x_wconf 85' lang='lat' dir='ltr'><strong>Penthesilea</strong></span> <span class='ocrx_word' id='word_1_236' title='bbox 316 2823 410 2891; x_wconf 80' lang='lat' dir='ltr'><strong>refert,</strong></span> <span class='ocrx_word' id='word_1_237' title='bbox 430 2837 584 2890; x_wconf 82' lang='lat' dir='ltr'><strong>nragnoque</strong></span> <span class='ocrx_word' id='word_1_238' title='bbox 602 2820 723 2873; x_wconf 89' lang='lat' dir='ltr'><strong>ululante</strong></span> <span class='ocrx_word' id='word_1_239' title='bbox 741 2820 861 2873; x_wconf 90' lang='lat' dir='ltr'><strong>tumultu</strong></span> <span class='ocrx_word' id='word_1_240' title='bbox 946 2878 954 2894; x_wconf 32' lang='lat' dir='ltr'><em>f</em></span> 
     </span>
     <span class='ocr_line' id='line_1_37' title="bbox 126 2896 760 2965; baseline -0.008 -12"><span class='ocrx_word' id='word_1_241' title='bbox 126 2900 254 2954; x_wconf 72' lang='lat' dir='ltr'><strong>Fenniuca</strong></span> <span class='ocrx_word' id='word_1_242' title='bbox 272 2900 411 2954; x_wconf 87' lang='lat' dir='ltr'><strong>exsultant</strong></span> <span class='ocrx_word' id='word_1_243' title='bbox 428 2898 528 2952; x_wconf 89' lang='lat' dir='ltr'><strong>lunatis</strong></span> <span class='ocrx_word' id='word_1_244' title='bbox 546 2896 654 2965; x_wconf 84' lang='lat' dir='ltr'><strong>agmina</strong></span> <span class='ocrx_word' id='word_1_245' title='bbox 672 2896 760 2965; x_wconf 88' lang='lat' dir='ltr'><strong>peltis.</strong></span> 
     </span>
    </p>

    <p class='ocr_par' dir='ltr' id='par_1_8' title="bbox 125 2970 972 3121">
     <span class='ocr_line' id='line_1_38' title="bbox 125 2970 941 3045; baseline -0.009 -16"><span class='ocrx_word' id='word_1_246' title='bbox 125 2977 211 3041; x_wconf 80' lang='lat' dir='ltr'><strong>Quem</strong></span> <span class='ocrx_word' id='word_1_247' title='bbox 230 2977 286 3030; x_wconf 88' lang='lat' dir='ltr'><strong>telo</strong></span> <span class='ocrx_word' id='word_1_248' title='bbox 304 2977 429 3045; x_wconf 90' lang='lat' dir='ltr'><strong>primum,</strong></span> <span class='ocrx_word' id='word_1_249' title='bbox 448 2991 530 3044; x_wconf 89' lang='lat' dir='ltr'><strong>quem</strong></span> <span class='ocrx_word' id='word_1_250' title='bbox 548 2978 724 3042; x_wconf 89' lang='lat' dir='ltr'><strong>postremum,</strong></span> <span class='ocrx_word' id='word_1_251' title='bbox 742 2987 839 3039; x_wconf 87' lang='lat' dir='ltr'><strong>aspera</strong></span> <span class='ocrx_word' id='word_1_252' title='bbox 856 2970 941 3038; x_wconf 81' lang='lat' dir='ltr'><strong>virgo,</strong></span> 
     </span>
     <span class='ocr_line' id='line_1_39' title="bbox 127 3047 972 3121; baseline -0.007 -15"><span class='ocrx_word' id='word_1_253' title='bbox 127 3052 244 3106; x_wconf 84' lang='lat' dir='ltr'><strong>Delicisl</strong></span> <span class='ocrx_word' id='word_1_254' title='bbox 257 3066 306 3106; x_wconf 86' lang='lat' dir='ltr'><strong>aut</strong></span> <span class='ocrx_word' id='word_1_255' title='bbox 319 3058 385 3121; x_wconf 92' lang='lat' dir='ltr'><strong>quot</strong></span> <span class='ocrx_word' id='word_1_256' title='bbox 397 3053 472 3106; x_wconf 93' lang='lat' dir='ltr'><strong>humi</strong></span> <span class='ocrx_word' id='word_1_257' title='bbox 485 3050 629 3104; x_wconf 86' lang='lat' dir='ltr'><strong>morientia</strong></span> <span class='ocrx_word' id='word_1_258' title='bbox 641 3065 753 3118; x_wconf 84' lang='lat' dir='ltr'><strong>corpora</strong></span> <span class='ocrx_word' id='word_1_259' title='bbox 764 3047 875 3101; x_wconf 85' lang='lat' dir='ltr'><strong>fundisl</strong></span> <span class='ocrx_word' id='word_1_260' title='bbox 936 3061 972 3100; x_wconf 79' lang='lat' dir='ltr'><strong>aas</strong></span> 
     </span>
    </p>
   </div>
   <div class='ocr_carea' id='block_1_3' title="bbox 125 3125 841 3272">
    <p class='ocr_par' dir='ltr' id='par_1_9' title="bbox 125 3125 841 3272">
     <span class='ocr_line' id='line_1_40' title="bbox 125 3125 841 3198; baseline -0.01 -16"><span class='ocrx_word' id='word_1_261' title='bbox 125 3129 247 3182; x_wconf 83' lang='lat' dir='ltr'><strong>llunemu</strong></span> <span class='ocrx_word' id='word_1_262' title='bbox 266 3129 355 3197; x_wconf 80' lang='lat' dir='ltr'><strong>Clytio</strong></span> <span class='ocrx_word' id='word_1_263' title='bbox 372 3129 490 3198; x_wconf 89' lang='lat' dir='ltr'><strong>primum</strong></span> <span class='ocrx_word' id='word_1_264' title='bbox 508 3130 605 3196; x_wconf 80' lang='lat' dir='ltr'><strong>patre3</strong></span> <span class='ocrx_word' id='word_1_265' title='bbox 622 3125 698 3179; x_wconf 90' lang='lat' dir='ltr'><strong>cuius</strong></span> <span class='ocrx_word' id='word_1_266' title='bbox 715 3127 841 3193; x_wconf 89' lang='lat' dir='ltr'><strong>apertum</strong></span> 
     </span>
     <span class='ocr_line' id='line_1_41' title="bbox 126 3202 794 3272; baseline -0.006 -16"><span class='ocrx_word' id='word_1_267' title='bbox 126 3205 242 3257; x_wconf 85' lang='lat' dir='ltr'><strong>Adversi</strong></span> <span class='ocrx_word' id='word_1_268' title='bbox 261 3205 342 3272; x_wconf 85' lang='lat' dir='ltr'><strong>longa</strong></span> <span class='ocrx_word' id='word_1_269' title='bbox 359 3204 564 3260; x_wconf 86' lang='lat' dir='ltr'><strong>transverberat</strong></span> <span class='ocrx_word' id='word_1_270' title='bbox 581 3202 672 3256; x_wconf 89' lang='lat' dir='ltr'><strong>abiete</strong></span> <span class='ocrx_word' id='word_1_271' title='bbox 691 3205 794 3268; x_wconf 83' lang='lat' dir='ltr'><strong>pectus</strong></span> 
     </span>
    </p>
   </div>
   <div class='ocr_carea' id='block_1_4' title="bbox 0 0 1141 3570">
    <p class='ocr_par' dir='ltr' id='par_1_10' title="bbox 0 0 1141 3570">
     <span class='ocr_line' id='line_1_42' title="bbox 0 0 1141 3570; baseline 0 0"><span class='ocrx_word' id='word_1_272' title='bbox 0 0 1141 3570; x_wconf 95' lang='lat' dir='ltr'><strong> </strong></span> 
     </span>
    </p>
   </div>
  </div>
 </body>
</html>
