2266 3562
379 142 585 192 GEORGIOON
603 142 672 191 LIB.
693 143 730 191 11.
953 146 981 196 li

165 231 245 298 Quod
254 233 387 298 superest,
398 243 586 297 quaecumque
595 243 704 295 premes
713 228 832 295 virgulta
838 243 890 298 per
897 243 982 296 agros,

130 311 235 378 Sparge
253 307 316 359 fimo
333 304 436 373 pingui,
455 306 484 357 et
502 303 589 356 multa
606 319 710 356 memor
728 304 819 358 occule
837 309 920 373 terra,

106 420 111 424 -
131 387 190 438 Aut
209 383 327 452 lapidem
346 380 476 446 bibulum,
497 383 545 432 aut
564 380 715 447 squalentis
734 381 826 435 infode
843 382 964 446 conchas,

130 462 210 515 Inter
229 459 300 512 enim
320 458 446 510 labentur
464 473 560 524 aquae,
580 457 726 525 tenuisque
745 456 847 511 subibit

131 537 250 603 Halitus,
263 539 346 602 atque
359 534 462 586 animos
476 533 574 586 tollent
587 537 662 599 satc;
675 534 784 602 iamque
795 535 908 604 reperti,
947 547 983 586 aso

131 614 184 679 Qui
203 629 267 667 saxo
285 627 368 679 super
386 613 470 678 atque
490 609 608 677 ingentis
626 610 747 678 pondere
765 615 855 664 testae

130 689 304 757 Urguerent;
323 688 373 740 hoc
393 687 491 740 effusos
509 687 647 740 munimen
667 686 703 739 ad
720 686 822 755 imbris,

131 765 193 820 Hoc
210 764 256 818 ubi
275 764 363 817 hiulca
382 763 427 816 siti
447 762 526 816 lindit
544 763 618 816 canis
637 763 749 817 aestifer
767 781 841 816 arva.

166 840 319 896 Seminibus
338 839 442 909 positis,
462 843 589 908 superest
608 839 737 893 diducere
754 844 857 893 terram

130 917 244 986 Saepius
262 917 298 970 ad
316 917 413 984 capita
432 919 461 970 et
479 915 562 968 duros
580 917 681 968 iactare
700 915 826 979 bidentis,
947 927 983 967 rsa

132 996 191 1048 Aut
208 1011 302 1063 presso
320 1009 448 1046 exercere
467 993 552 1046 selum
572 992 622 1044 sub
640 1009 756 1059 veniere,
775 997 803 1046 ct
821 993 880 1060 ipsa

131 1071 256 1124 Flectere
274 1070 403 1122 luctantis
421 1068 493 1122 inter
511 1069 603 1122 vincta
620 1069 759 1132 iuvencos;

131 1147 200 1201 Tum
217 1147 285 1201 levis
302 1147 418 1200 calamos
437 1150 466 1200 et
484 1163 561 1199 rasae
580 1145 689 1199 hastilia
706 1146 797 1214 virgae

132 1225 336 1293 Fraxineasque
355 1228 450 1293 aptaro
469 1224 558 1290 sudes,
579 1224 724 1292 furcasque
743 1223 866 1292 valentis,

131 1300 244 1354 Viribus
262 1301 329 1354 eniti
347 1317 464 1370 quarum
483 1304 511 1354 et
530 1305 706 1354 contemnere
724 1305 819 1354 ventos
946 1311 983 1351 aar

132 1377 312 1442 Adsuescant,
331 1395 506 1446 summasque
525 1377 602 1447 sequi
621 1377 745 1430 tabulata
762 1395 811 1446 per
829 1378 924 1431 ulmos.

167 1457 210 1508 Ac
228 1455 293 1508 dum
311 1455 400 1524 prima
418 1456 493 1508 novis
511 1454 643 1507 adolescit
661 1454 801 1507 frondibus
819 1458 901 1519 actas,

132 1531 303 1586 Parcendum
322 1533 432 1595 teneris,
452 1536 488 1598 et,
507 1531 573 1584 dum
593 1547 622 1584 se
640 1531 727 1583 laetus
746 1530 781 1582 ad
800 1547 880 1584 auras

132 1609 241 1662 Palmes
259 1609 316 1676 agit
334 1605 402 1660 laxis
421 1623 470 1674 per
489 1623 587 1676 purum
605 1607 731 1659 inmissus
750 1607 870 1674 habenis,

133 1685 197 1753 lpsa
215 1684 271 1738 acie
289 1683 409 1736 nondum
427 1683 503 1737 falcis
521 1683 689 1752 temptanda,
708 1683 755 1736 scd
774 1684 850 1736 uncis
947 1696 984 1734 ecc

133 1760 293 1829 Carpendac
311 1760 435 1813 manibus
453 1760 572 1827 frondes,
591 1759 718 1828 interque
735 1760 879 1827 legendae:

133 1836 204 1890 Inde
221 1836 268 1889 ubi
284 1836 338 1888 iam
358 1837 453 1889 validis
472 1835 614 1904 amplexae
634 1835 764 1904 stirpibus
782 1837 869 1889 ulmos

132 1913 265 1979 Exierint,
284 1916 349 1965 tunc
368 1913 473 1980 stringe
492 1929 589 1980 comas,
609 1917 674 1965 tunc
693 1913 816 1966 bracchia
833 1912 932 1976 tondc;

132 1991 209 2044 Ante
227 1988 407 2042 reformidant
425 1988 544 2052 ferrum;
561 1992 620 2042 tum
639 1988 759 2057 deniquo
777 1989 846 2043 dura

133 2065 238 2118 Exerce
256 2064 367 2132 inperia,
387 2069 416 2117 et
434 2080 523 2117 ramos
542 2081 681 2132 compesce
701 2065 815 2119 liuentis.
948 2081 984 2118 aro

168 2141 312 2194 Texendae
329 2157 425 2209 saepes
444 2139 528 2194 etiam
547 2145 575 2194 et
593 2157 676 2209 pecus
695 2159 774 2195 omne
792 2143 948 2207 tenendum,

134 2217 282 2287 Praecipue
302 2217 367 2270 dum
385 2218 460 2271 frons
478 2221 575 2270 tenera
592 2217 794 2286 inprudensque
812 2218 949 2281 laborum3

134 2293 184 2348 Cui
202 2310 283 2362 super
302 2293 425 2362 indignas
443 2295 547 2348 hiemes
566 2295 705 2363 solemque
724 2299 863 2363 potentem

134 2370 278 2426 Silvestrcs
296 2372 339 2424 uri
357 2372 471 2426 adsidue
489 2389 659 2442 capreaeque
678 2389 807 2440 sequaces

135 2447 274 2515 Inludunt‚
292 2453 440 2518 pascuntur
458 2466 523 2502 oves
541 2449 692 2519 avidaeque
711 2451 846 2505 iuvencae.
951 2465 986 2504 ars

134 2523 249 2592 Frigora
267 2543 316 2579 nec
334 2530 442 2580 tantum
461 2543 528 2580 cana
547 2531 672 2580 concreta
690 2528 795 2596 pruina,

135 2601 194 2654 Aut
211 2602 301 2668 gravis
319 2601 478 2655 incumbens
498 2603 614 2671 scopulis
633 2603 772 2658 arentibus
790 2608 888 2671 aestas,

135 2675 272 2740 Quantum
291 2678 329 2730 illi
348 2695 464 2731 nocuere
483 2695 588 2748 greges,
609 2681 726 2748 durique
745 2699 877 2735 venenum

134 2751 232 2806 Dentis
251 2759 279 2808 et
298 2755 422 2808 admorso
442 2757 548 2824 signata
567 2757 593 2808 in
613 2757 697 2826 stirpe
716 2759 835 2811 cicatrix.

134 2829 196 2883 Non
213 2830 293 2884 aliam
312 2831 347 2883 ob
366 2832 471 2900 culpam
492 2833 598 2885 Baccho
616 2851 698 2902 caper
716 2835 839 2888 omnibus
857 2835 911 2886 aris
949 2845 985 2884 acc

135 2905 265 2961 Caeditur
284 2913 312 2961 et
331 2913 438 2962 veteres
457 2910 552 2962 ineunt
570 2912 727 2978 proscaenia
745 2911 808 2978 ludi,

135 2982 314 3053 Praemiaque
332 2986 446 3053 ingeniis
464 3004 547 3055 pagos
567 2992 596 3041 et
614 2989 732 3057 compita
750 2991 850 3042 circum

135 3058 267 3114 Thesidae
284 3077 407 3129 posuere,
426 3066 509 3131 atque
527 3063 601 3117 inter
618 3065 713 3133 pocula
732 3064 795 3117 lacti

134 3133 263 3190 Mollibus
281 3139 308 3192 in
325 3140 412 3208 pratis
431 3142 526 3192 unctos
545 3141 650 3194 saluere
668 3157 718 3209 per
735 3144 819 3193 utres.

134 3210 264 3268 Necnon
284 3216 407 3284 Ausonii,
427 3216 508 3270 Troia
524 3233 592 3286 gens
610 3217 699 3278 missa,
717 3216 803 3271 coloni
949 3225 986 3268 eea
