2268 3570
403 159 589 208 AENEIDOS
607 159 674 208 LIB.
695 160 744 209 XI.
955 165 1003 214 ιΔ97

148 241 287 311 Oppetiit;
311 239 445 294 devictam
467 241 563 294 Asiam
583 240 707 294 subsedit
727 240 844 297 adulter.

86 315 88 320 '
149 315 284 370 Invidisse
305 317 378 383 deos,
400 316 496 384 patriis
515 320 547 370 ut
567 316 693 370 redditus
714 317 768 370 aris

148 393 310 461 Coniugium
323 397 448 461 optatum
462 397 490 446 et
500 393 641 461 pulchram
657 393 794 461 Calydona
806 393 946 449 viderem?
967 409 1003 450 270

148 469 173 521 N
175 486 226 522 unc
244 469 328 522 etiam
346 468 469 521 horribili
488 469 548 522 visu
567 473 696 538 portenta
715 475 875 538 sequuntur,

148 546 184 598 Et
202 545 266 599 socii
285 546 377 598 amissi
395 545 538 614 petierunt
556 546 668 599 aethera
687 547 783 614 pennis

148 621 373 690 Fluminibusque
390 626 524 688 vagantur
543 622 697 676 ares—heu
716 623 775 675 dira
793 639 916 676 meorum

148 698 362 766 Suppliciai-et
380 698 503 766 scopulos
522 699 670 752 lacrimosis
688 699 799 752 vocibus
817 699 929 767 inplent.

149 774 225 828 Haeo
243 774 312 828 adeo
330 791 364 828 ex
383 774 429 827 illo
446 775 512 827 mihi
531 776 584 828 iam
604 775 739 844 speranda
757 775 868 828 luerunt
968 790 1004 830 aa

148 850 288 919 Tempore,
307 868 368 904 cum
387 851 460 904 ferro
479 851 608 904 caelestia
626 868 738 920 corpora
756 851 870 904 demens

110 941 120 961 ·
148 927 262 996 Adpetii
280 930 309 981 et
328 927 445 980 Veneris
464 927 562 980 violavi
581 928 690 980 volnere
709 927 844 980 dextram.

148 1003 191 1056 Ne
209 1021 281 1070 vero,
299 1021 334 1057 ne
352 1021 396 1056 me
414 1003 450 1056 ad
469 1004 532 1058 talis
550 1003 672 1072 inpellite
691 1019 803 1072 pugnas.

148 1080 207 1134 Nec
223 1079 290 1132 mihi
308 1097 370 1133 cum
389 1079 501 1133 Teucris
519 1080 604 1132 ullum
623 1084 685 1147 post
704 1083 783 1132 eruta
800 1078 903 1133 bellum

150 1157 297 1223 Pergama3
316 1173 366 1209 nec
384 1159 507 1209 veterum
527 1155 637 1209 memini
655 1155 776 1209 laetorve
793 1155 933 1210 malorum.
967 1171 1004 1209 aso

148 1232 271 1299 Munera,
291 1249 362 1300 quae
379 1233 476 1300 patriis
495 1231 531 1285 ad
550 1249 593 1284 me
611 1232 729 1300 portatis
747 1231 782 1284 ab
801 1232 864 1299 oris,

149 1308 258 1362 Vertite
275 1307 311 1362 ad
331 1310 450 1362 Aenean.
489 1308 621 1362 Stetinrus
642 1307 698 1361 tela
716 1325 813 1376 aspera
831 1311 933 1373 contra,

149 1385 374 1452 Contulimusque
393 1402 501 1438 munus:
522 1391 635 1453 experto
654 1385 765 1452 credite,
785 1389 904 1453 quantus

149 1461 182 1513 In
201 1461 315 1530 clipeum
335 1461 474 1528 adsurgat,
494 1479 548 1529 qno
567 1461 677 1514 turbine
696 1466 825 1530 torqueat
842 1461 955 1515 hastam.

149 1538 176 1591 Si
195 1538 249 1590 duo
268 1541 412 1606 praeterea
430 1539 493 1590 talis
514 1538 598 1591 Idaea
616 1539 725 1590 tulisset
968 1553 1004 1590 aas

148 1614 230 1667 Terra
248 1615 326 1680 viros,
345 1614 418 1667 ultro
439 1613 563 1666 Inachias
581 1615 701 1667 venisset
719 1615 754 1666 ad
774 1613 854 1666 urbes

149 1689 299 1757 Dardanus,
318 1694 347 1743 et
365 1691 450 1743 versis
468 1690 576 1756 lugeret
595 1690 710 1743 Graecia
727 1691 798 1742 fatis.

150 1766 288 1835 Quidquid
307 1767 380 1834 apud
398 1767 483 1819 durae
502 1771 638 1819 cessatum
657 1771 699 1820 est
717 1765 822 1818 moenia
841 1765 944 1832 Troiae,

108 1867 111 1872 ·
150 1843 277 1896 Hectoris
296 1845 462 1910 Aeneaeque
481 1860 562 1895 manu
581 1843 694 1896 victoria
713 1841 825 1895 Graium
1021 1839 1025 1844 '

150 1919 248 1972 Haesit
267 1923 296 1972 et
313 1920 341 1971 in
361 1921 506 1972 decumum
526 1919 641 1986 vestigia
659 1919 768 1972 rettulit
786 1933 892 1971 annum.
968 1933 1004 1972 290

150 1995 239 2048 Ambo
258 1996 362 2063 animis,
380 1996 459 2048 ambo
478 1996 597 2063 insignes
615 1994 818 2063 praestantibus
837 1993 934 2056 armis;

151 2072 203 2124 Hic
221 2072 325 2140 pietate
342 2073 423 2139 prior.
461 2072 565 2124 Coeant
583 2072 611 2123 in
629 2071 740 2124 foedera
759 2071 881 2136 dextrae,
934 2126 937 2134 y

150 2147 209 2210 Qua
228 2148 324 2212 datum
343 2152 386 2201 ast
405 2148 487 2200 armis
506 2150 669 2200 concurrant
688 2162 763 2198 arma
781 2149 883 2199 cavete.

149 2223 185 2276 Et
202 2240 332 2291 responsa
350 2223 430 2276 simul
449 2240 519 2292 quae
538 2223 599 2284 sint,
613 2239 667 2284 ,rex
686 2225 804 2289 optume,
824 2221 898 2288 regis

150 2299 270 2366 Audisti,
286 2304 314 2353 et
333 2317 403 2368 quae
423 2300 458 2352 sit
477 2315 574 2365 magno
594 2297 731 2350 sententia
748 2296 827 2349 bello.
968 2313 1004 2352 aa

185 2375 239 2428 Vix
257 2393 289 2428 ea
307 2376 404 2442 legati:
425 2376 569 2442 variusque
588 2391 637 2442 per
656 2389 704 2426 ora
722 2372 841 2426 cucurrit

151 2452 321 2506 Ausonidum
339 2452 450 2505 turbata
468 2451 584 2514 fremor;
606 2467 657 2504 ceu
676 2467 741 2502 saxa
759 2453 900 2504 morantur

150 2528 218 2582 (lum
236 2529 347 2597 rapidos
366 2528 458 2590 amnis,
477 2527 509 2580 fit
530 2527 620 2579 clauso
638 2526 748 2594 gurgite
766 2543 895 2590 murmur,

150 2603 316 2673 Vicinaeque
335 2605 454 2658 fremunt
473 2605 548 2672 ripae
566 2601 764 2670 crepitantibus
784 2601 870 2655 undis.

150 2679 190 2733 Ut
207 2681 325 2748 primum
343 2680 443 2748 placati
462 2679 552 2746 animi,
571 2681 600 2731 ot
618 2677 727 2744 trepida
745 2693 792 2728 ora
811 2677 947 2746 quierunt,
969 2692 1006 2728 soo

151 2756 293 2808 Praelatus
313 2756 389 2808 divos
409 2756 475 2807 solio
494 2771 543 2807 rex
558 2749 623 2806 'infit
641 2752 675 2804 ab
694 2752 763 2806 alto:

186 2834 259 2883 Ante
278 2829 406 2900 equidem
425 2847 530 2882 summa
548 2829 583 2882 do
602 2845 632 2882 ro
651 2829 787 2893 statuisse,
808 2828 905 2893 Latini,

151 2907 186 2960 nt
204 2907 309 2972 vellem,
328 2908 356 2958 et
374 2905 464 2958 fuerat
483 2905 595 2970 melius3
613 2921 666 2958 non
685 2909 809 2972 tempore
827 2903 877 2956 tali

152 2983 255 3049 Cogere
273 2981 422 3046 concilium,
439 2997 500 3033 cum
519 2997 611 3033 muros
630 2980 739 3032 adsidet
757 2980 850 3032 hostis.

153 3057 258 3110 Bellum
277 3058 459 3123 inportunum,
479 3057 557 3122 cives,
577 3060 738 3123 cumgente
758 3055 870 3108 deorum
966 3069 1004 3110 aas

152 3133 319 3202 Invictisque
337 3132 403 3186 viris
420 3133 548 3200 gerimus,
568 3149 636 3200 quos
654 3132 728 3184 nulla
745 3132 861 3198 fatigant

152 3209 266 3277 Proelia,
279 3225 328 3264 nec
346 3209 411 3264 vieti
429 3209 544 3278 possunt
563 3206 697 3260 absistere
716 3208 795 3264 ferro.
