2266 3562
138 161 168 206 12
281 163 282 167 ’
371 157 400 206 P.
420 157 572 204 VERGILI
590 155 755 203 MARONIS

136 237 212 290 Haec
230 235 281 290 tibi
300 253 408 304 semper
425 239 513 303 erunt,
532 239 561 288 et
579 252 640 288 cum
659 235 800 290 sollemnia
817 239 881 289 vota

134 313 292 366 Iteddemus
312 312 336 364 N
339 311 453 380 yrnphiS,
472 315 500 364 et
519 327 580 364 cum
599 310 775 364 lustrabimus
793 327 880 378 agros.
965 327 989 366 rs

133 389 205 441 Dum
223 389 287 454 iuga
305 388 406 440 montis
425 405 497 454 aper,
516 387 612 439 tluvios
631 387 696 439 dum
714 387 796 454 piscis
814 387 924 456 amabit,

132 464 259 532 Dumque
278 464 371 531 thymo
389 467 540 531 pascentur
558 479 630 529 apes,
650 463 715 515 dum
733 480 795 516 rore
814 464 930 532 cicadae,

132 541 245 608 Semper
257 541 342 592 honos
355 557 509 608 nomenque
522 543 600 592 tuum
613 539 764 607 laudesque
782 539 938 592 manebunt

132 617 171 671 Ut
190 617 296 670 Baccho
317 616 473 684 Cererique,
494 615 546 668 tibi
565 616 603 668 sic
621 618 685 668 vota
703 619 771 683 quot
789 615 866 667 annis

133 693 276 760 Agricolae
294 693 395 746 facient
407 713 413 756 ;
426 691 574 748 ,damnabis
593 695 623 744 tu
643 707 752 758 quoque
771 691 847 744 votis.
964 707 988 748 so

165 769 222 822 Mc.
243 770 318 834 Quae
331 768 391 836 tibi,
404 785 474 835 quae
488 768 536 820 tali
550 767 666 820 reddam
678 783 728 835 pro
739 767 858 819 carmine
871 769 962 820 donat

131 845 202 898 Nam
220 863 308 913 neque
327 861 370 897 me
388 848 497 896 tantum
516 843 652 896 venientis
670 843 765 896 sibilus
783 843 877 910 austri,

132 922 188 975 Nec
206 938 333 990 percussa
352 921 447 972 iuvant
464 919 550 972 fluctu
567 923 624 972 tam
643 919 732 986 litora,
750 935 800 971 nec
818 935 888 986 quae

131 998 247 1051 Saxosas
264 999 337 1050 inter
355 997 505 1050 decurrunt
523 996 635 1048 flumina
652 995 743 1048 valles.

130 1075 185 1128 Mc.
206 1075 266 1127 Hac
283 1079 312 1128 te
330 1090 379 1126 nos
397 1072 488 1140 fragili
508 1073 669 1126 donabimus
688 1077 751 1125 ante
770 1073 864 1124 cicuta.
964 1091 988 1124 es

132 1151 208 1204 Haec
225 1167 282 1217 nos,
302 1150 462 1202 Formosum
482 1148 606 1215 Corydon
625 1148 740 1202 ardebat
761 1148 879 1215 Alexim,

132 1228 207 1280 Haec
225 1227 322 1280 eadem
341 1225 442 1291 docuit,
463 1225 561 1276 Cuium
579 1225 682 1291 pecusl
702 1241 736 1276 an
755 1223 883 1276 Meliboei
896 1229 904 1277 l

130 1303 187 1356 Mo.
201 1306 241 1355 At
254 1306 285 1355 tu
298 1318 374 1354 sume
386 1300 496 1368 pedum,
510 1299 592 1368 quod,
604 1316 649 1352 me
662 1315 723 1359 cum
736 1315 817 1366 saepe
830 1306 948 1366 rogaret,

129 1379 192 1432 Non
210 1379 274 1431 tulit
295 1377 510 1444 Antigenes-et
528 1379 589 1428 erat
607 1379 666 1428 tum
685 1375 785 1442 dignus
803 1377 921 1428 amari-

130 1455 289 1508 Formosum
307 1452 419 1520 peribus
438 1453 517 1505 nodis
535 1455 620 1520 atque
639 1467 711 1519 aere,
731 1451 865 1506 Menalca.
963 1469 989 1506 so

419 1621 610 1680 EoLOGA
638 1624 696 1682 VI.

491 1738 624 1786 vasus

129 1840 225 1896 Pauus
243 1843 382 1912 Syracosio
401 1842 515 1910 dignata
534 1847 577 1896 est
595 1843 691 1896 ludere
711 1860 790 1896 versu

128 1917 229 1972 Nostra
246 1937 296 1973 nec
314 1919 425 1972 erubuit
445 1919 527 1970 silvas
546 1918 673 1971 habitare
693 1919 795 1971 Thalia.

128 1994 195 2047 Cum
213 2012 338 2049 canerem
355 2011 434 2062 reges
453 1997 481 2047 et
500 1995 610 2062 proelia,
630 1995 763 2062 Cynthius
782 2011 874 2048 aurem

128 2069 217 2134 Vellit,
236 2075 265 2125 et
284 2071 443 2125 admonuit:
466 2071 615 2138 Pastorem,
635 2071 736 2139 Tityre,
755 2071 865 2140 pinguis

128 2146 242 2200 Poscere
260 2151 369 2216 oportet
388 2146 452 2212 ovis,
472 2147 621 2200 deductum
641 2147 731 2200 dicere
750 2163 865 2200 carmen.
976 2166 988 2204 t

127 2223 153 2276 N
156 2241 208 2276 unc
219 2240 424 2290 ego-namque
437 2240 520 2290 super
534 2223 586 2274 tibi
599 2227 687 2286 erunt,
701 2224 750 2291 qui
764 2223 855 2277 dicere
866 2224 971 2291 laudes,

129 2298 209 2366 Vare,
227 2303 288 2353 tuas
307 2300 416 2367 cupiant
435 2304 463 2352 et
482 2299 572 2352 tristia
591 2299 710 2352 condere
730 2299 837 2352 bella-

92 2409 101 2424 .
128 2377 275 2442 Agrestem
294 2376 369 2428 tenui
388 2374 543 2427 meditabor
562 2375 695 2429 arundine
715 2376 831 2429 Musam.

128 2451 189 2504 Non
202 2452 302 2504 iniussa
314 2468 386 2504 cano.
424 2450 451 2503 Si
465 2451 527 2518 quis
539 2456 632 2504 tamen
645 2451 713 2505 haec
725 2469 842 2520 quoque,
855 2455 877 2506 si
891 2455 953 2523 quis

128 2527 231 2595 Captus
249 2544 341 2580 amore
359 2528 441 2594 leget,
460 2531 489 2580 te
507 2532 624 2594 nostrae,
645 2529 726 2595 Vere,
747 2531 872 2597 myricae,
965 2545 988 2583 1)

128 2603 165 2656 Te
183 2621 278 2656 nemus
296 2621 375 2656 omne
395 2607 491 2668 oanet;
510 2621 560 2657 nec
581 2604 692 2657 Phoebo
711 2607 817 2672 gratior
836 2607 891 2659 ulla
910 2611 961 2674 ost,

129 2681 215 2744 Quam
234 2680 283 2733 sibi
303 2697 373 2748 quae
393 2680 460 2733 Vari
480 2682 657 2750 praescripsit
676 2683 776 2750 pagina
794 2700 900 2738 nomen.

163 2757 279 2824 Pergite,
301 2756 431 2809 Pierides.
469 2758 594 2811 Chromis
613 2761 642 2810 ct
661 2758 799 2824 Mnasylos
817 2759 844 2811 iu
864 2763 944 2812 antro

128 2831 247 2886 Silenum
266 2834 343 2900 puori
362 2851 455 2887 somno
476 2835 569 2888 videro
587 2835 730 2899 iacentem,

129 2909 257 2962 Inflatum
276 2910 404 2963 hesterno
423 2928 512 2976 venas,
532 2916 563 2964 ut
582 2927 697 2978 semper,
717 2909 830 2963 Iaccho:
968 2925 989 2962 re

128 2985 207 3039 Serta
225 2987 319 3054 procul
339 2990 447 3040 tantum
466 2987 549 3055 capiti
569 2986 680 3052 delapsa
699 2985 832 3051 iacebant,

129 3061 164 3114 Et
183 3063 272 3129 gravis
291 3065 387 3117 attrita
404 3064 544 3133 pendebat
564 3061 711 3114 cantharus
729 3077 804 3113 ansa.

133 3138 362 3204 Adgressi-nam
382 3157 464 3209 saepo
483 3156 565 3193 senex
585 3155 632 3206 spo
650 3137 777 3190 carminis
794 3136 875 3191 ambo

129 3212 404 3272 Luserat-inficiunt
422 3217 489 3286 ipsis
508 3233 542 3271 ex
561 3215 667 3269 vincula
686 3214 774 3268 sertis.
