2278 3568
430 154 614 202 uuNurnos
633 152 701 200 LIB.
721 153 757 200 ll.
977 151 1020 198 lll

169 240 273 308 Incipio
291 253 373 306 super
389 235 444 288 his:
465 235 588 301 Iuvenes,
606 233 754 286 fortissima
771 233 871 285 frustra

169 316 291 380 Pectora,
310 314 333 367 si
352 311 427 365 vobis
445 311 592 365 audentem
610 314 734 363 extreme
751 308 849 376 cupide

167 392 252 446 Certa
270 389 355 458 sequi,
373 405 444 458 quae
462 388 499 442 sit
518 387 599 440 rebus
617 387 727 440 fortuna
745 385 857 440 videtis:
986 398 1023 438 sse

168 469 317 522 Excessere
335 483 436 530 omues,
455 465 545 533 adytis
562 464 672 532 arisque
690 463 801 528 relictis,

168 544 210 608 Di,
229 543 328 613 quibus
344 542 478 610 inperium
497 541 546 594 hoc
565 543 696 604 steterat;
714 539 872 593 succurritis
889 536 951 592 urbi

169 620 313 684 Incensue;
331 619 485 683 meriamur,
504 620 533 671 ct
551 617 578 669 iu
596 616 688 669 media
705 632 781 669 arma
799 631 916 668 ruaruus.

168 697 230 750 Una
248 696 321 750 salus
338 695 424 760 victis,
442 694 544 748 nullam
563 709 673 761 sperare
691 693 813 746 salutem.

169 773 213 826 Sic
224 772 321 826 animis
333 772 459 825 iuvenum
472 770 547 824 furer
560 769 676 823 additus.
716 768 793 836 lude,
806 768 863 835 lupi
876 782 926 820 ceu
988 780 1024 818 ³55

170 847 305 917 Raptorcs
323 851 384 902 atra
401 848 429 900 in
447 846 554 912 nebula,
573 862 641 914 ques
660 845 774 913 inproba
792 843 895 896 ventris

169 925 269 992 Exegit
287 941 381 978 caecos
399 923 496 990 rabies,
515 922 654 990 catulique
672 922 761 974 rolicti

169 1001 303 1054 Faucibus
322 1003 482 1070 exspectant
500 999 585 1064 siccis
604 1014 653 1066 per
671 997 735 1062 tela,
754 1013 803 1065 per
822 996 907 1048 hostis

169 1077 301 1130 Vadimus
320 1077 393 1130 haud
412 1075 523 1129 dubium
537 1075 565 1128 iu
581 1078 705 1140 mortem,
723 1072 883 1140 mediaeque
898 1075 1023 1124 tenemus

168 1153 252 1206 Urbis
269 1155 337 1218 iter;
355 1170 408 1206 nox
426 1157 487 1206 atra
505 1169 570 1205 cara
586 1149 762 1204 circumvolat
780 1147 882 1202 umbra
988 1159 1024 1199 suo

170 1230 236 1294 Quis
253 1230 359 1284 cladem
377 1229 449 1282 illius
467 1229 561 1291 nectis,
580 1227 640 1294 quis
659 1227 755 1279 funera
772 1225 855 1278 faudo

170 1306 301 1374 Explicet,
320 1310 368 1359 aut
386 1306 472 1373 pessit
490 1304 609 1358 lacrimis
628 1319 745 1370 aequare
764 1302 890 1356 laberesl

170 1382 243 1436 Urbs
261 1382 374 1450 antiqua
392 1381 455 1446 ruit,
474 1381 573 1433 multam
591 1380 729 1432 dominata
747 1396 796 1448 pcr
814 1394 914 1440 armes3

171 1458 290 1512 Plurima
307 1474 410 1526 perque
430 1458 485 1509 sias
504 1460 664 1509 sternuntur
682 1456 781 1508 inertia
799 1454 900 1523 passim

170 1533 289 1602 Corpora
308 1550 412 1602 perque
433 1533 527 1585 domos
545 1536 574 1584 ct
592 1531 719 1598 religiosa
737 1530 852 1584 deorum
989 1545 1024 1583 sos

170 1609 282 1663 Limina.
310 1609 335 1661 N
337 1625 368 1662 ec
386 1608 436 1661 soli
453 1624 555 1676 poenas
573 1607 641 1660 dant
659 1606 788 1674 sauguine
807 1606 916 1672 Teucri;

170 1685 311 1750 Querulum
330 1685 413 1738 etiam
433 1684 509 1737 victis
528 1683 602 1736 redit
621 1682 648 1734 in
666 1682 827 1751 praecordia
845 1684 932 1736 virtus

170 1762 351 1830 Victoresque
370 1760 471 1814 cadunt
491 1760 585 1812 Danai.
622 1758 748 1813 Crudelis
767 1758 869 1827 ubique

171 1838 279 1905 Luctus,
297 1837 397 1906 ubique
416 1853 507 1905 pavor,
527 1840 555 1889 et
574 1835 690 1905 plurima
708 1835 804 1888 mortis
822 1836 921 1903 image.

204 1915 311 1967 Primus
330 1931 365 1979 se,
386 1913 510 1966 Danaum
529 1929 629 1980 magna
647 1912 794 1966 eomitante
812 1915 929 1977 caterva,
986 1926 1023 1966 aro

171 1991 332 2058 Androgeos
350 1990 430 2043 effert
449 1989 532 2055 uobis,
551 1989 623 2042 secia
641 1989 749 2056 agmina
767 1988 882 2042 credens
957 2007 967 2022 =

170 2067 282 2133 Inscius,
300 2071 382 2134 atque
401 2065 473 2118 ultre
492 2065 581 2118 verbis
600 2065 744 2132 compellat
763 2065 869 2118 miricis:

170 2143 317 2210 Festinato,
337 2143 393 2196 viri.
431 2143 455 2195 N
458 2159 502 2195 am
521 2145 666 2210 quactum
685 2159 745 2194 sera
764 2145 886 2194 moratur

170 2220 322 2287 Segnitiesl
341 2219 387 2272 alii
406 2218 516 2287 rapiunt
534 2219 644 2270 incensa
662 2218 810 2284 feurutquo

171 2296 319 2364 Pergama3
337 2311 385 2347 vos
403 2294 482 2348 celsis
499 2311 570 2346 nuuc
589 2293 706 2361 primum
725 2310 741 2346 a
759 2293 874 2346 navibus
892 2293 946 2346 itis.
990 2307 1025 2346 urs

171 2371 256 2438 Dixit,
275 2375 304 2424 et
322 2371 468 2438 extemplo,
487 2387 575 2437 neque
594 2369 666 2422 euim
685 2386 815 2437 responsa
833 2369 969 2422 dabantur

173 2447 242 2500 llida
259 2448 332 2512 satis
351 2447 435 2500 sensit
454 2445 558 2499 medios
577 2446 705 2514 delapsus
722 2447 750 2498 iu
769 2446 861 2500 hostis.

171 2523 319 2592 Obstipuit,
337 2526 466 2590 retroque
485 2522 583 2590 pedem
603 2539 664 2574 cum
682 2539 747 2576 voce
765 2524 904 2592 repressit.

172 2598 344 2668 lnprovisum
364 2599 451 2668 aspris
469 2597 553 2651 veluti
572 2598 618 2666 qui
636 2598 759 2651 sentibus
777 2616 893 2666 anguem

172 2676 275 2730 Pressit
294 2677 370 2729 humi
389 2677 487 2742 nitens,
507 2675 686 2743 trepidusque
704 2679 817 2742 repente
836 2675 937 2741 refugit
989 2689 1026 2726 sse

172 2754 354 2808 Attolleutcm
373 2753 427 2805 iras
446 2756 474 2804 et
493 2751 600 2804 caerula
618 2750 686 2804 cella
703 2754 870 2812 tumente1u;

172 2831 256 2884 Haud
274 2847 352 2883 secus
373 2828 535 2894 Androgeos
554 2827 613 2879 visu
631 2827 806 2880 tremefactus
825 2826 924 2879 abibat

171 2907 317 2973 Inruimus,
336 2904 428 2958 densis
447 2907 477 2958 et
495 2902 737 2956 circumfundiuuu·
754 2903 844 2968 armis,

172 2983 342 3051 Ignarosquc
361 2981 411 3035 loci
430 2979 531 3049 passim
550 2983 579 3032 et
597 2979 740 3032 formidine
758 2983 851 3048 captos

171 3060 333 3114 Stcruimus.
371 3055 612 3124 Adspirat'prime
630 3055 739 3108 fortuna
758 3056 851 3108 labori.
990 3067 1028 3108 ese

172 3139 267 3205 Atque
286 3135 329 3188 hic
347 3143 475 3187 successu
492 3131 631 3184 exsultans
650 3131 801 3197 animisque
820 3129 965 3196 Coroebus

172 3213 196 3264 O
215 3212 287 3278 socii,
306 3227 360 3278 qua
379 3207 473 3278 prima,
491 3206 588 3274 inquit,
606 3206 716 3260 fortuna
734 3204 829 3261 salutis
