2278 3568
138 135 168 180 94
373 130 401 178 P.
421 131 574 178 VERGILI
591 130 755 179 MARONIS

138 213 197 267 Nee
214 213 308 282 procul
326 212 388 265 hinc
408 212 492 278 Rhesi
512 213 598 265 niveis
615 213 734 266 tentoria
752 211 819 265 velis

139 290 293 358 Adgnoseit
311 289 461 354 lacrimans,
479 289 568 357 primo
587 305 658 356 quae
675 289 786 357 prodita
804 305 897 344 somno
956 301 991 344 ee

138 365 256 436 Tydides
274 367 361 419 multa
380 366 506 419 vastabat
525 366 609 418 caede
628 371 763 433 cruentus,

140 446 326 512 Ardentisque
344 445 444 497 avertit
463 461 546 511 equos
565 444 592 495 in
611 449 708 510 castra,
726 445 802 512 prius
821 460 902 511 quam

139 521 243 574 Pabula
260 526 418 588 gustassent
437 521 533 573 Troiae
553 520 749 588 Xanthumque
767 519 906 572 bibissent,

140 598 222 652 Parte
241 599 293 651 alia
311 598 418 665 fugiens
438 599 543 651 amissis
562 597 668 650 Troilus
687 597 777 662 armis,

140 675 237 728 Infelix
257 692 325 743 puer
344 680 427 742 atque
446 675 524 743 inpar
543 691 704 742 congressus
724 672 832 738 Achilli,
954 686 991 726 sto

140 751 240 804 Fertur
258 751 343 820 equis,
362 768 499 818 curruque
517 751 613 804 haenel
632 749 775 818 resupinus
794 749 872 813 inani,

140 828 210 881 Lora
236 831 332 881 tenens
359 832 466 892 tamem
493 828 555 880 huic
582 827 728 895 cervixque
757 841 905 893 comaeque
934 831 987 878 tra

207 904 310 957 huntur

140 980 194 1034 Per
211 985 321 1046 terram,
340 984 368 1033 et
387 997 465 1033 versa
483 979 572 1048 pulvis
590 979 749 1032 inscribitur
767 979 851 1032 hasta.

140 1057 252 1112 Interea
270 1058 305 1110 ad
325 1057 455 1125 ternplum
473 1073 526 1108 non
545 1072 649 1122 aequae
669 1055 787 1108 Palladis
805 1055 881 1107 ibant

140 1133 265 1187 Crinibus
287 1133 386 1185 Iliades
404 1133 491 1199 passis
509 1133 675 1199 peplumque
695 1131 825 1198 serebant,
954 1143 990 1182 teo

139 1211 303 1278 Suppliciter
322 1209 415 1262 tristes
434 1213 463 1260 et
481 1212 578 1260 tunsae
596 1212 709 1274 pectora
727 1207 839 1273 palmis;

141 1287 209 1340 Diva
227 1287 283 1339 solo
302 1287 370 1338 fixos
389 1285 480 1337 oeulos
498 1301 592 1336 aversa
611 1283 731 1335 tenebat.

140 1363 192 1416 Ter
210 1365 309 1416 circum
331 1362 426 1414 Iliacos
445 1364 600 1427 mptavernt
622 1360 742 1412 Hectora
760 1375 857 1422 muros,

141 1441 357 1506 llxanimumque
375 1453 441 1490 auro
460 1453 557 1504 eorpus
576 1433 712 1488 vendebat
732 1434 857 1487 Achilles.

140 1518 208 1570 Tum
226 1533 289 1570 vero
307 1516 445 1583 ingentem
463 1514 594 1581 gemitum
613 1512 662 1564 dat
679 1516 790 1581 pectore
809 1511 843 1564 ab
861 1512 923 1572 imo,
952 1526 989 1564 res

141 1595 180 1647 llt
198 1594 289 1662 spolia,
308 1597 339 1646 ut
358 1607 460 1656 currus,
479 1595 563 1656 utque
583 1590 670 1656 ipsum
690 1605 786 1657 corpus
805 1589 890 1654 enrici,

141 1671 364 1738 Tendentemque
383 1683 478 1720 manus
501 1667 635 1718 l'riannun
655 1666 795 1732 conspexit
812 1665 929 1718 inermis.

141 1748 176 1800 Se
195 1763 303 1816 quoque
321 1744 486 1814 principibus
505 1743 670 1811 perrnixtum
690 1741 819 1809 adgnovit
838 1741 957 1809 Achivis,

142 1825 265 1892 lloasquo
284 1823 355 1876 acies
373 1825 401 1874 et
419 1820 490 1887 nigri
509 1819 661 1871 Memnonis
680 1835 761 1872 auria.

142 1900 225 1952 llueit
245 1898 443 1952 Amazonidum
462 1897 562 1948 lunatis
581 1895 689 1962 agmina
706 1895 787 1963 peltis
954 1911 990 1950 seo

143 1975 314 2029 Penthesilea
331 1975 432 2040 furens,
451 1973 604 2040 mediisque
622 1972 649 2023 in
668 1970 777 2024 milibus
795 1970 881 2025 ardet

143 2053 235 2105 Aurea
253 2050 416 2104 subnectens
435 2055 560 2102 exsertae
578 2047 686 2116 cingula
704 2064 843 2114 mammae,

143 2127 282 2193 Bellatn‘x,
301 2127 439 2196 audetque
458 2127 521 2178 siris
539 2141 700 2178 concurrere
718 2125 801 2192 virge.

178 2205 253 2258 Haec
272 2205 337 2256 dum
357 2202 495 2256 Dardanio
516 2204 626 2255 Aeneae
644 2201 769 2254 miranda
786 2201 920 2264 videntur,

142 2280 214 2333 Dum
232 2285 333 2348 stupet,
345 2265 505 2347 'obtutuque
523 2279 618 2331 haeret
637 2278 742 2331 defixus
760 2278 787 2330 in
805 2295 865 2344 uno,
954 2291 991 2329 aas

142 2356 248 2425 Regina
265 2357 301 2409 ad
320 2357 459 2424 templum,
478 2357 566 2408 forma
584 2355 766 2422 pulcherrima
785 2354 863 2418 Dide,

142 2433 266 2499 Incessit,
286 2449 383 2499 magna
402 2433 529 2484 iuvenum
548 2431 667 2498 stipante
686 2435 801 2482 caterva.

142 2510 235 2574 Qualis
252 2509 280 2561 in
301 2509 419 2560 Eurotae
437 2507 503 2575 ripis
522 2513 569 2560 ant
587 2523 637 2574 per
654 2507 718 2572 iuga
737 2504 837 2571 Cynthi

142 2585 260 2639 Exercet
279 2585 366 2637 Diana
383 2584 486 2637 choros.
505 2600 587 2651 quam
605 2582 679 2635 mille
698 2585 807 2634 secutae
955 2596 992 2635 res

144 2663 214 2714 Hinc
233 2666 316 2730 atque
329 2660 391 2713 hine
403 2655 589 2728 glomerantur
604 2657 739 2722 Oreades3
752 2657 797 2710 illa
809 2656 965 2725 pharetram

145 2738 211 2791 Fert
228 2737 348 2802 humero,
367 2736 550 2805 gradiensque
570 2735 635 2788 deas
654 2734 837 2803 supereminet
855 2734 954 2788 omnis:

144 2814 264 2867 Latonae
281 2814 395 2866 tacitum
414 2815 602 2881 pertemptant
619 2811 720 2879 gaudia
736 2814 845 2878 peetus:

143 2890 216 2944 Talis
234 2893 293 2943 erat
312 2890 390 2956 Dido,
408 2889 491 2943 talem
510 2906 539 2942 se
556 2887 630 2941 lacta
647 2887 753 2941 screbat

145 2965 197 3020 Per
215 2966 325 3029 medies,
343 2966 448 3019 instans
467 2965 543 3034 operi
561 2965 705 3031 regnisque
723 2963 829 3016 futuris.

143 3043 211 3095 Tum
229 3043 332 3096 foribus
351 3043 437 3108 dirae,
456 3043 546 3096 media
566 3041 704 3095 testudine
723 3039 824 3106 templi,
955 3053 991 3092 soe

143 3120 243 3187 Saepta
260 3113 350 3186 armis,
369 3119 491 3188 solioque
509 3120 564 3173 alte
582 3117 697 3172 subnixa
715 3115 824 3171 resedit.

144 3195 210 3249 Iura
227 3195 311 3249 dabat
330 3195 460 3265 legesque
478 3195 551 3268 viris²
569 3211 737 3264 operumque
755 3191 875 3247 laborem
