2290 3568
386 166 572 216 AltNEIDOS
589 167 657 216 LlB.
677 167 775 214 vlla·
951 164 997 212 241

148 244 249 302 Fertur
266 265 344 317 aqua,
364 248 509 317 segnisque
527 249 646 302 seeundo
665 248 762 301 defluit
780 246 861 313 enini,

150 324 251 378 nuntia
270 331 385 378 ventura
404 325 523 378 Ascanio
541 341 688 392 rerumque
707 323 855 392 patrisque.
960 335 997 374 555

148 399 255 454 llantur
272 403 336 469 equi
354 401 464 455 Teneris
483 401 621 470 Tyrrhena
638 399 797 468 petentibus
814 414 894 463 arvs;

148 475 258 530 Ducunt
275 481 412 531 exsortem
434 480 551 544 Aeneae,
570 493 652 544 quem
669 475 743 529 fulva
759 474 845 528 leonis

150 552 230 606 l’ellis
248 553 308 607 obit
325 557 422 620 totum,
441 553 615 622 praefulgens
633 551 770 621 unguibus
787 552 885 606 aureis.

183 629 267 683 Fama
285 631 358 684 volat
375 647 486 698 paruam
506 630 597 683 sabito
616 629 724 697 volgata
742 645 791 696 per
808 627 913 693 urbem,

147 705 229 761 (leina
247 707 287 760 ire
305 707 412 775 equites
431 705 563 775 Tyrrheni
582 705 618 759 ad
635 704 717 760 litera
734 704 814 774 regis.
960 720 996 758 555

152 781 222 835 Vota
238 787 315 836 metu
333 783 476 852 duplicant
494 787 604 849 matres,
622 783 789 851 propiusque
808 779 909 850 periclo

149 857 177 912 It
194 860 283 924 timor,
302 865 331 914 et
348 862 434 914 maior
452 860 551 914 Martis
568 860 623 912 iam
641 858 756 926 adparet
774 857 869 922 image.

147 935 216 989 'lum
234 942 313 1005 peter
331 937 477 990 Euandrus
495 936 622 989 dextram
639 934 787 1003 conplexus
806 932 896 986 euntis

149 1012 261 1078 Haeret,
279 1012 432 1080 inexpletus
450 1012 601 1076 lacrimans,
620 1027 651 1064 ae
669 1010 735 1064 talia
751 1010 843 1066 fatur:

148 1088 171 1140 Ο
188 1088 255 1141 mihi
272 1089 435 1157 praeteritos
453 1088 556 1142 referat
575 1088 597 1140 si
618 1087 744 1154 luppiter
761 1102 851 1152 annos,
959 1100 996 1140 555

148 1165 241 1228 Qualis
261 1183 344 1226 eram,
362 1181 423 1218 eum
442 1165 558 1233 primam
578 1164 665 1217 aciem
686 1162 834 1217 Praeneste
851 1160 903 1216 sub
921 1163 982 1230 ipsa

147 1239 237 1294 Stravi
256 1248 449 1310 scutorumque
467 1240 575 1294 iuoendi
594 1240 679 1292 vietor
698 1255 815 1304 acervos,

149 1316 184 1370 llt
200 1334 293 1386 regem
313 1319 363 1371 hae
382 1318 495 1371 Erulum
514 1316 614 1370 dextra
632 1315 683 1369 aab
702 1315 816 1369 Tartara
833 1315 902 1382 misi,

148 1393 172 1444 N
175 1395 277 1448 aseenti
296 1395 338 1447 cui
358 1394 409 1447 tris
427 1395 531 1446 anirnas
550 1392 666 1448 Feronia
683 1395 808 1446 anatar-

150 1469 323 1522 Horrendum
337 1464 573 1536 dieta-dederat,
592 1477 670 1522 terna
688 1485 763 1520 arma
781 1467 929 1533 movenda;
959 1485 994 1523 aar

147 1545 200 1596 l'er
217 1545 272 1598 leto
290 1546 453 1598 sternendus
471 1550 545 1609 erat3
564 1545 608 1597 eui
626 1549 685 1596 tum
703 1548 796 1598 tamea
813 1543 901 1598 omnis

149 1621 274 1675 Abstulit
291 1621 358 1674 haec
375 1621 479 1674 animas
498 1621 604 1687 dextra,
622 1624 652 1673 et
669 1620 786 1674 totidem
804 1620 880 1673 exuit
897 1621 994 1676 armis:

148 1697 172 1748 N
175 1713 209 1749 on
228 1714 279 1765 ego
297 1714 368 1750 nune
386 1697 459 1749 dulei
478 1697 606 1764 amplexu
624 1694 770 1748 divellerer
787 1689 911 1763 ¹nsquam,

149 1773 228 1840 Nate,
246 1779 308 1837 tuo;
327 1789 415 1842 noque
434 1773 550 1825 finitimo
569 1771 721 1825 Mezentius
739 1787 869 1838 umquam

150 1849 222 1902 Heie
239 1849 322 1917 capiti
341 1849 475 1902 insultans
492 1852 535 1902 tot
553 1848 625 1902 ferro
644 1863 725 1900 saeva
742 1846 866 1900 dedisset
959 1861 996 1903 ero

150 1925 265 1990 Funera,
284 1930 340 1978 tam
359 1925 453 1978 multis
471 1924 610 1978 viduasset
628 1922 731 1976 civibus
749 1921 853 1978 urbem

150 2004 189 2054 At
207 2017 262 2067 voe,
281 2019 296 2054 e
315 2002 414 2070 superi,
433 2006 462 2055 et
480 2001 570 2054 divom
589 2003 620 2053 tu
638 2015 764 2052 maxume
782 2003 872 2054 rector

150 2077 282 2146 luppiter,
305 2078 423 2144 Arcadii,
442 2094 549 2145 quaese,
568 2076 737 2130 miserescite
756 2076 836 2143 regis,

150 2154 185 2207 dt
202 2155 305 2222 patrius
324 2154 419 2206 audite
437 2169 543 2220 preees:
563 2153 592 2204 Si
611 2152 721 2206 nunrina
740 2157 831 2206 vestra

151 2229 315 2283 lnoolamem
337 2229 459 2282 Pallanta
478 2228 551 2293 mihi,
569 2228 592 2280 si
609 2227 667 2280 fata
685 2231 833 2294 reservant,
959 2245 996 2285 575

148 2306 177 2359 Si
195 2307 301 2359 visurus
319 2322 382 2358 eum
400 2305 461 2358 viso
479 2307 507 2358 et
525 2309 657 2358 venturus
676 2303 702 2354 in
722 2319 818 2357 namn:

150 2383 243 2435 Vitam
261 2398 323 2446 ere;
341 2381 432 2450 patior
450 2381 574 2450 quemvis
590 2379 690 2433 dirrare
709 2378 837 2434 laborem.

148 2458 195 2511 Sin
213 2458 331 2527 aliquem
349 2457 491 2510 infandum
510 2473 610 2521 essunt,
631 2455 759 2523 Fortuna,
779 2456 900 2513 minaris:

150 2535 234 2599 Nune,
252 2551 322 2588 nune
340 2551 356 2586 o
374 2534 456 2589 liceat
474 2533 612 2588 crudelem
631 2532 794 2601 abrumpere
813 2535 904 2603 vitam,

151 2611 219 2663 llum
239 2627 319 2664 curae
338 2611 490 2680 ambiguae,
509 2610 575 2664 dam
594 2626 656 2677 spes
674 2609 778 2664 ineerta
796 2610 890 2678 futuri,
960 2629 998 2666 555

148 2686 221 2740 Dum
239 2690 276 2753 te,
295 2704 357 2739 care
376 2705 451 2755 puer,
469 2704 531 2740 mea
548 2687 606 2738 sole
623 2689 652 2739 et
670 2703 731 2742 sens
750 2686 881 2755 voluptas,

149 2763 287 2833 Conpleru
306 2768 402 2828 teneo;
419 2764 528 2832 gravior
545 2779 599 2816 nen
616 2763 729 2816 nuntius
747 2763 820 2818 aruris

152 2840 290 2893 Volneret.
329 2839 405 2892 Haec
422 2841 532 2908 genitor
549 2839 675 2907 digressu
693 2839 768 2892 dieta
785 2856 913 2908 supremo

150 2915 310 2980 Fundebat;
327 2916 421 2969 farnuli
440 2917 596 2984 emlapsum
614 2917 642 2969 in
661 2920 735 2970 teeta
752 2915 886 2971 ferebant.

185 2992 299 3062 lamque
317 2993 387 3045 adeo
406 2993 513 3046 exierat
531 2993 618 3060 pertis
637 2993 777 3061 equitatus
795 2993 906 3062 apertis
959 3011 996 3048 555

151 3069 260 3122 Aeneas
278 3069 350 3122 inter
367 3069 469 3137 primos
487 3073 517 3122 et
535 3068 606 3122 lidus
627 3068 755 3136 Achates,

152 3144 220 3198 lnde
238 3145 284 3198 alii
302 3145 398 3199 Troiae
416 3163 556 3214 preceres3
573 3145 633 3214 ipse
650 3147 758 3214 agmine
778 3146 867 3199 Pallas

150 3221 185 3276 Ia
202 3222 301 3290 medio,
319 3221 461 3294 chlamyde
480 3227 509 3278 et
527 3222 607 3294 pictis
625 3226 786 3294 conspectus
803 3223 831 3278 ia
850 3223 946 3280 ermis:
