<?xml version="1.0" encoding="UTF-8"?>
<!DOCTYPE html PUBLIC "-//W3C//DTD XHTML 1.0 Transitional//EN"
    "http://www.w3.org/TR/xhtml1/DTD/xhtml1-transitional.dtd">
<html xmlns="http://www.w3.org/1999/xhtml" xml:lang="en" lang="en">
 <head>
  <title>
</title>
<meta http-equiv="Content-Type" content="text/html;charset=utf-8" />
  <meta name='ocr-system' content='tesseract 3.04.00' />
  <meta name='ocr-capabilities' content='ocr_page ocr_carea ocr_par ocr_line ocrx_word'/>
</head>
<body>
  <div class='ocr_page' id='page_1' title='image "./operaexrecensio01virggoog_0317.png"; bbox 0 0 2268 3570; ppageno 0'>
   <div class='ocr_carea' id='block_1_1' title="bbox 136 175 761 226">
    <p class='ocr_par' dir='ltr' id='par_1_1' title="bbox 136 175 761 226">
     <span class='ocr_line' id='line_1_1' title="bbox 136 175 761 226; baseline 0.002 -2"><span class='ocrx_word' id='word_1_1' title='bbox 136 179 182 225; x_wconf 82' lang='lat'>308</span> <span class='ocrx_word' id='word_1_2' title='bbox 367 177 397 226; x_wconf 86' lang='lat' dir='ltr'>P.</span> <span class='ocrx_word' id='word_1_3' title='bbox 416 175 572 224; x_wconf 84' lang='lat' dir='ltr'><strong>VERGILI</strong></span> <span class='ocrx_word' id='word_1_4' title='bbox 592 175 761 226; x_wconf 80' lang='lat' dir='ltr'>MARONIS</span> 
     </span>
    </p>
   </div>
   <div class='ocr_carea' id='block_1_2' title="bbox 134 254 988 3292">
    <p class='ocr_par' dir='ltr' id='par_1_2' title="bbox 134 254 988 1618">
     <span class='ocr_line' id='line_1_2' title="bbox 135 254 891 324; baseline 0.003 -16"><span class='ocrx_word' id='word_1_5' title='bbox 135 254 245 308; x_wconf 87' lang='lat' dir='ltr'>Mecum</span> <span class='ocrx_word' id='word_1_6' title='bbox 262 255 345 308; x_wconf 88' lang='lat' dir='ltr'>crede</span> <span class='ocrx_word' id='word_1_7' title='bbox 361 257 425 321; x_wconf 91' lang='lat' dir='ltr'>solo,</span> <span class='ocrx_word' id='word_1_8' title='bbox 444 273 607 324; x_wconf 78' lang='lat' dir='ltr'>pugnaeque</span> <span class='ocrx_word' id='word_1_9' title='bbox 624 257 735 324; x_wconf 77' lang='lat' dir='ltr'>accinge</span> <span class='ocrx_word' id='word_1_10' title='bbox 752 256 891 324; x_wconf 76' lang='lat' dir='ltr'><strong>pedestri:</strong></span> 
     </span>
     <span class='ocr_line' id='line_1_3' title="bbox 136 331 833 400; baseline 0.004 -18"><span class='ocrx_word' id='word_1_11' title='bbox 136 331 195 382; x_wconf 90' lang='lat' dir='ltr'>lam</span> <span class='ocrx_word' id='word_1_12' title='bbox 214 347 315 397; x_wconf 84' lang='lat' dir='ltr'>nosces,</span> <span class='ocrx_word' id='word_1_13' title='bbox 335 335 447 385; x_wconf 89' lang='lat' dir='ltr'>ventosa</span> <span class='ocrx_word' id='word_1_14' title='bbox 464 331 535 384; x_wconf 87' lang='lat' dir='ltr'>ferat</span> <span class='ocrx_word' id='word_1_15' title='bbox 553 332 596 384; x_wconf 93' lang='lat' dir='ltr'>cui</span> <span class='ocrx_word' id='word_1_16' title='bbox 614 332 701 400; x_wconf 81' lang='lat' dir='ltr'>gloria</span> <span class='ocrx_word' id='word_1_17' title='bbox 718 332 833 386; x_wconf 89' lang='lat' dir='ltr'>laudem.</span> 
     </span>
     <span class='ocr_line' id='line_1_4' title="bbox 136 405 817 476; baseline 0.006 -18"><span class='ocrx_word' id='word_1_18' title='bbox 136 405 226 470; x_wconf 85' lang='lat' dir='ltr'>Dixit;</span> <span class='ocrx_word' id='word_1_19' title='bbox 244 410 274 460; x_wconf 95' lang='lat' dir='ltr'>at</span> <span class='ocrx_word' id='word_1_20' title='bbox 291 407 338 460; x_wconf 92' lang='lat' dir='ltr'>illa</span> <span class='ocrx_word' id='word_1_21' title='bbox 355 407 449 460; x_wconf 88' lang='lat' dir='ltr'>furens</span> <span class='ocrx_word' id='word_1_22' title='bbox 466 407 576 476; x_wconf 86' lang='lat' dir='ltr'>acrique</span> <span class='ocrx_word' id='word_1_23' title='bbox 594 425 707 462; x_wconf 88' lang='lat' dir='ltr'>aceensa</span> <span class='ocrx_word' id='word_1_24' title='bbox 725 407 817 462; x_wconf 89' lang='lat' dir='ltr'>dolere</span> 
     </span>
     <span class='ocr_line' id='line_1_5' title="bbox 135 482 988 553; baseline 0.006 -20"><span class='ocrx_word' id='word_1_25' title='bbox 135 482 231 536; x_wconf 79' lang='lat' dir='ltr'>Tradit</span> <span class='ocrx_word' id='word_1_26' title='bbox 243 499 344 552; x_wconf 88' lang='lat' dir='ltr'>equum</span> <span class='ocrx_word' id='word_1_27' title='bbox 355 484 454 548; x_wconf 91' lang='lat' dir='ltr'>comiti,</span> <span class='ocrx_word' id='word_1_28' title='bbox 467 484 633 553; x_wconf 87' lang='lat' dir='ltr'>paribusque</span> <span class='ocrx_word' id='word_1_29' title='bbox 651 485 755 538; x_wconf 74' lang='lat' dir='ltr'><strong>resistit</strong></span> <span class='ocrx_word' id='word_1_30' title='bbox 767 484 795 536; x_wconf 91' lang='lat' dir='ltr'>in</span> <span class='ocrx_word' id='word_1_31' title='bbox 807 485 896 551; x_wconf 88' lang='lat' dir='ltr'>armis,</span> <span class='ocrx_word' id='word_1_32' title='bbox 952 499 988 542; x_wconf 82' lang='lat' dir='ltr'>no</span> 
     </span>
     <span class='ocr_line' id='line_1_6' title="bbox 135 557 811 629; baseline 0.006 -19"><span class='ocrx_word' id='word_1_33' title='bbox 135 557 208 612; x_wconf 86' lang='lat' dir='ltr'>Ense</span> <span class='ocrx_word' id='word_1_34' title='bbox 225 559 310 628; x_wconf 88' lang='lat' dir='ltr'>pedes</span> <span class='ocrx_word' id='word_1_35' title='bbox 328 560 409 625; x_wconf 83' lang='lat' dir='ltr'>nudo,</span> <span class='ocrx_word' id='word_1_36' title='bbox 426 577 549 628; x_wconf 89' lang='lat' dir='ltr'>pumque</span> <span class='ocrx_word' id='word_1_37' title='bbox 567 561 694 614; x_wconf 89' lang='lat' dir='ltr'>interrita</span> <span class='ocrx_word' id='word_1_38' title='bbox 711 577 811 629; x_wconf 85' lang='lat' dir='ltr'>parma</span> 
     </span>
     <span class='ocr_line' id='line_1_7' title="bbox 135 635 795 705; baseline 0.005 -19"><span class='ocrx_word' id='word_1_39' title='bbox 135 635 176 687; x_wconf 87' lang='lat' dir='ltr'>At</span> <span class='ocrx_word' id='word_1_40' title='bbox 194 635 305 703; x_wconf 85' lang='lat' dir='ltr'>iuvenis,</span> <span class='ocrx_word' id='word_1_41' title='bbox 324 636 420 690; x_wconf 86' lang='lat' dir='ltr'>vicisse</span> <span class='ocrx_word' id='word_1_42' title='bbox 438 637 502 690; x_wconf 91' lang='lat' dir='ltr'>dolo</span> <span class='ocrx_word' id='word_1_43' title='bbox 519 641 603 700; x_wconf 88' lang='lat' dir='ltr'>ratus,</span> <span class='ocrx_word' id='word_1_44' title='bbox 622 637 712 690; x_wconf 87' lang='lat' dir='ltr'>avolat</span> <span class='ocrx_word' id='word_1_45' title='bbox 729 637 795 705; x_wconf 92' lang='lat' dir='ltr'>ipse,</span> 
     </span>
     <span class='ocr_line' id='line_1_8' title="bbox 135 710 916 782; baseline 0.004 -19"><span class='ocrx_word' id='word_1_46' title='bbox 135 710 219 764; x_wconf 85' lang='lat' dir='ltr'><strong>Haud</strong></span> <span class='ocrx_word' id='word_1_47' title='bbox 238 728 321 776; x_wconf 89' lang='lat' dir='ltr'>mora,</span> <span class='ocrx_word' id='word_1_48' title='bbox 340 714 533 782; x_wconf 80' lang='lat' dir='ltr'>conversisque</span> <span class='ocrx_word' id='word_1_49' title='bbox 551 713 634 782; x_wconf 82' lang='lat' dir='ltr'>fugax</span> <span class='ocrx_word' id='word_1_50' title='bbox 653 714 777 767; x_wconf 73' lang='lat' dir='ltr'>aufertur</span> <span class='ocrx_word' id='word_1_51' title='bbox 793 712 916 779; x_wconf 77' lang='lat' dir='ltr'>habenis,</span> 
     </span>
     <span class='ocr_line' id='line_1_9' title="bbox 135 785 838 857; baseline 0.004 -18"><span class='ocrx_word' id='word_1_52' title='bbox 135 785 401 857; x_wconf 85' lang='lat' dir='ltr'>Quadrupedemque</span> <span class='ocrx_word' id='word_1_53' title='bbox 418 790 504 844; x_wconf 89' lang='lat' dir='ltr'>citum</span> <span class='ocrx_word' id='word_1_54' title='bbox 521 789 625 843; x_wconf 86' lang='lat' dir='ltr'>ferrata</span> <span class='ocrx_word' id='word_1_55' title='bbox 641 790 714 843; x_wconf 87' lang='lat' dir='ltr'>calce</span> <span class='ocrx_word' id='word_1_56' title='bbox 732 789 838 856; x_wconf 86' lang='lat' dir='ltr'>fatigat.</span> 
     </span>
     <span class='ocr_line' id='line_1_10' title="bbox 134 863 985 934; baseline 0.005 -20"><span class='ocrx_word' id='word_1_57' title='bbox 134 863 213 916; x_wconf 87' lang='lat' dir='ltr'>Vane</span> <span class='ocrx_word' id='word_1_58' title='bbox 232 864 322 932; x_wconf 88' lang='lat' dir='ltr'>Ligus,</span> <span class='ocrx_word' id='word_1_59' title='bbox 342 865 498 934; x_wconf 83' lang='lat' dir='ltr'>frustraque</span> <span class='ocrx_word' id='word_1_60' title='bbox 516 866 612 918; x_wconf 90' lang='lat' dir='ltr'>animis</span> <span class='ocrx_word' id='word_1_61' title='bbox 630 867 702 920; x_wconf 89' lang='lat' dir='ltr'>elate</span> <span class='ocrx_word' id='word_1_62' title='bbox 720 865 853 934; x_wconf 91' lang='lat' dir='ltr'>superbis,</span> <span class='ocrx_word' id='word_1_63' title='bbox 949 879 985 918; x_wconf 78' lang='lat' dir='ltr'>rra</span> 
     </span>
     <span class='ocr_line' id='line_1_11' title="bbox 134 939 823 1012; baseline 0.003 -20"><span class='ocrx_word' id='word_1_64' title='bbox 134 939 309 1009; x_wconf 79' lang='lat' dir='ltr'>Nequiquam</span> <span class='ocrx_word' id='word_1_65' title='bbox 327 943 430 1010; x_wconf 88' lang='lat' dir='ltr'>patrias</span> <span class='ocrx_word' id='word_1_66' title='bbox 447 943 592 1012; x_wconf 82' lang='lat' dir='ltr'>temptasti</span> <span class='ocrx_word' id='word_1_67' title='bbox 610 942 731 996; x_wconf 90' lang='lat' dir='ltr'>lub&#39;rieus</span> <span class='ocrx_word' id='word_1_68' title='bbox 748 941 823 1008; x_wconf 88' lang='lat' dir='ltr'>artis,</span> 
     </span>
     <span class='ocr_line' id='line_1_12' title="bbox 134 1015 869 1087; baseline 0.003 -19"><span class='ocrx_word' id='word_1_69' title='bbox 134 1015 158 1068; x_wconf 93' lang='lat' dir='ltr'>N</span> <span class='ocrx_word' id='word_1_70' title='bbox 163 1031 193 1070; x_wconf 90' lang='lat' dir='ltr'>ec</span> <span class='ocrx_word' id='word_1_71' title='bbox 210 1016 286 1070; x_wconf 88' lang='lat' dir='ltr'>fraus</span> <span class='ocrx_word' id='word_1_72' title='bbox 303 1021 333 1071; x_wconf 94' lang='lat' dir='ltr'>te</span> <span class='ocrx_word' id='word_1_73' title='bbox 350 1017 513 1072; x_wconf 92' lang='lat' dir='ltr'>ineolumem</span> <span class='ocrx_word' id='word_1_74' title='bbox 532 1018 620 1072; x_wconf 83' lang='lat' dir='ltr'>fallaci</span> <span class='ocrx_word' id='word_1_75' title='bbox 638 1019 760 1087; x_wconf 87' lang='lat' dir='ltr'>perferet</span> <span class='ocrx_word' id='word_1_76' title='bbox 779 1018 869 1070; x_wconf 83' lang='lat' dir='ltr'>Auno.</span> 
     </span>
     <span class='ocr_line' id='line_1_13' title="bbox 136 1092 838 1163; baseline 0 -18"><span class='ocrx_word' id='word_1_77' title='bbox 136 1092 211 1146; x_wconf 88' lang='lat' dir='ltr'>llaec</span> <span class='ocrx_word' id='word_1_78' title='bbox 228 1093 303 1146; x_wconf 89' lang='lat' dir='ltr'>fatur</span> <span class='ocrx_word' id='word_1_79' title='bbox 320 1094 404 1162; x_wconf 87' lang='lat' dir='ltr'>virgo,</span> <span class='ocrx_word' id='word_1_80' title='bbox 421 1098 450 1148; x_wconf 91' lang='lat' dir='ltr'>et</span> <span class='ocrx_word' id='word_1_81' title='bbox 466 1095 623 1163; x_wconf 85' lang='lat' dir='ltr'>pernicibus</span> <span class='ocrx_word' id='word_1_82' title='bbox 641 1094 721 1163; x_wconf 88' lang='lat' dir='ltr'>ignea</span> <span class='ocrx_word' id='word_1_83' title='bbox 738 1093 838 1162; x_wconf 88' lang='lat' dir='ltr'>plantis</span> 
     </span>
     <span class='ocr_line' id='line_1_14' title="bbox 134 1168 916 1240; baseline 0.003 -20"><span class='ocrx_word' id='word_1_84' title='bbox 134 1168 243 1222; x_wconf 84' lang='lat' dir='ltr'>Transit</span> <span class='ocrx_word' id='word_1_85' title='bbox 261 1185 361 1237; x_wconf 89' lang='lat' dir='ltr'>equum</span> <span class='ocrx_word' id='word_1_86' title='bbox 380 1186 467 1237; x_wconf 89' lang='lat' dir='ltr'>cursu,</span> <span class='ocrx_word' id='word_1_87' title='bbox 485 1171 625 1240; x_wconf 81' lang='lat' dir='ltr'>frenisque</span> <span class='ocrx_word' id='word_1_88' title='bbox 642 1170 758 1223; x_wconf 86' lang='lat' dir='ltr'>adversa</span> <span class='ocrx_word' id='word_1_89' title='bbox 774 1169 916 1238; x_wconf 86' lang='lat' dir='ltr'>prehensis</span> 
     </span>
     <span class='ocr_line' id='line_1_15' title="bbox 135 1243 984 1316; baseline 0.002 -20"><span class='ocrx_word' id='word_1_90' title='bbox 135 1243 318 1311; x_wconf 81' lang='lat' dir='ltr'>Congreditur</span> <span class='ocrx_word' id='word_1_91' title='bbox 329 1262 484 1316; x_wconf 90' lang='lat' dir='ltr'>poenasque</span> <span class='ocrx_word' id='word_1_92' title='bbox 497 1247 605 1300; x_wconf 88' lang='lat' dir='ltr'>inimico</span> <span class='ocrx_word' id='word_1_93' title='bbox 617 1263 651 1300; x_wconf 88' lang='lat' dir='ltr'>ex</span> <span class='ocrx_word' id='word_1_94' title='bbox 664 1246 793 1314; x_wconf 87' lang='lat' dir='ltr'>sanguine</span> <span class='ocrx_word' id='word_1_95' title='bbox 805 1245 900 1298; x_wconf 92' lang='lat' dir='ltr'>sumit:</span> <span class='ocrx_word' id='word_1_96' title='bbox 947 1259 984 1298; x_wconf 82' lang='lat' dir='ltr'>rso</span> 
     </span>
     <span class='ocr_line' id='line_1_16' title="bbox 135 1319 842 1390; baseline 0.004 -19"><span class='ocrx_word' id='word_1_97' title='bbox 135 1320 222 1384; x_wconf 82' lang='lat' dir='ltr'>Quum</span> <span class='ocrx_word' id='word_1_98' title='bbox 240 1319 318 1374; x_wconf 87' lang='lat' dir='ltr'>facile</span> <span class='ocrx_word' id='word_1_99' title='bbox 335 1323 465 1390; x_wconf 91' lang='lat' dir='ltr'>accipiter</span> <span class='ocrx_word' id='word_1_100' title='bbox 483 1339 548 1376; x_wconf 85' lang='lat' dir='ltr'>saxo</span> <span class='ocrx_word' id='word_1_101' title='bbox 566 1339 643 1376; x_wconf 84' lang='lat' dir='ltr'>sacer</span> <span class='ocrx_word' id='word_1_102' title='bbox 660 1323 717 1376; x_wconf 85' lang='lat' dir='ltr'>ales</span> <span class='ocrx_word' id='word_1_103' title='bbox 734 1321 769 1375; x_wconf 89' lang='lat' dir='ltr'>ab</span> <span class='ocrx_word' id='word_1_104' title='bbox 786 1321 842 1375; x_wconf 92' lang='lat' dir='ltr'>alto</span> 
     </span>
     <span class='ocr_line' id='line_1_17' title="bbox 135 1396 907 1466; baseline 0.001 -17"><span class='ocrx_word' id='word_1_105' title='bbox 135 1396 318 1464; x_wconf 84' lang='lat' dir='ltr'>Consequitur</span> <span class='ocrx_word' id='word_1_106' title='bbox 335 1399 432 1466; x_wconf 90' lang='lat' dir='ltr'>pennis</span> <span class='ocrx_word' id='word_1_107' title='bbox 450 1397 593 1452; x_wconf 87' lang='lat' dir='ltr'>sublimem</span> <span class='ocrx_word' id='word_1_108' title='bbox 611 1399 640 1452; x_wconf 94' lang='lat' dir='ltr'>in</span> <span class='ocrx_word' id='word_1_109' title='bbox 657 1398 730 1452; x_wconf 89' lang='lat' dir='ltr'>nube</span> <span class='ocrx_word' id='word_1_110' title='bbox 747 1397 907 1462; x_wconf 87' lang='lat' dir='ltr'>columbam,</span> 
     </span>
     <span class='ocr_line' id='line_1_18' title="bbox 135 1472 928 1543; baseline 0.001 -18"><span class='ocrx_word' id='word_1_111' title='bbox 135 1472 375 1541; x_wconf 86' lang='lat' dir='ltr'>Conprcnsamque</span> <span class='ocrx_word' id='word_1_112' title='bbox 393 1478 477 1540; x_wconf 87' lang='lat' dir='ltr'>tenet,</span> <span class='ocrx_word' id='word_1_113' title='bbox 495 1473 667 1543; x_wconf 86' lang='lat' dir='ltr'>pedibusque</span> <span class='ocrx_word' id='word_1_114' title='bbox 685 1474 818 1528; x_wconf 87' lang='lat' dir='ltr'>eviscerat</span> <span class='ocrx_word' id='word_1_115' title='bbox 836 1474 928 1537; x_wconf 71' lang='lat' dir='ltr'>uncis,</span> 
     </span>
     <span class='ocr_line' id='line_1_19' title="bbox 134 1547 920 1618; baseline 0.004 -18"><span class='ocrx_word' id='word_1_116' title='bbox 134 1547 203 1600; x_wconf 90' lang='lat' dir='ltr'>Tum</span> <span class='ocrx_word' id='word_1_117' title='bbox 221 1553 348 1603; x_wconf 90' lang='lat' dir='ltr'>erueret</span> <span class='ocrx_word' id='word_1_118' title='bbox 366 1549 457 1603; x_wconf 86' lang='lat' dir='ltr'>volsac</span> <span class='ocrx_word' id='word_1_119' title='bbox 475 1549 658 1606; x_wconf 84' lang='lat' dir='ltr'>labunturab</span> <span class='ocrx_word' id='word_1_120' title='bbox 676 1549 788 1604; x_wconf 85' lang='lat' dir='ltr'>aethere</span> <span class='ocrx_word' id='word_1_121' title='bbox 805 1549 920 1618; x_wconf 85' lang='lat' dir='ltr'>plumae.</span> 
     </span>
    </p>

    <p class='ocr_par' dir='ltr' id='par_1_3' title="bbox 134 1624 984 3292">
     <span class='ocr_line' id='line_1_20' title="bbox 170 1624 984 1696; baseline 0.002 -20"><span class='ocrx_word' id='word_1_122' title='bbox 170 1624 210 1676; x_wconf 77' lang='lat' dir='ltr'>nt</span> <span class='ocrx_word' id='word_1_123' title='bbox 222 1641 275 1677; x_wconf 87' lang='lat' dir='ltr'>non</span> <span class='ocrx_word' id='word_1_124' title='bbox 287 1625 353 1680; x_wconf 88' lang='lat' dir='ltr'>haee</span> <span class='ocrx_word' id='word_1_125' title='bbox 365 1626 446 1679; x_wconf 87' lang='lat' dir='ltr'>nullis</span> <span class='ocrx_word' id='word_1_126' title='bbox 457 1626 596 1680; x_wconf 90' lang='lat' dir='ltr'>hominum</span> <span class='ocrx_word' id='word_1_127' title='bbox 608 1631 683 1682; x_wconf 89' lang='lat' dir='ltr'>sator</span> <span class='ocrx_word' id='word_1_128' title='bbox 694 1631 779 1696; x_wconf 87' lang='lat' dir='ltr'>atque</span> <span class='ocrx_word' id='word_1_129' title='bbox 790 1627 904 1680; x_wconf 88' lang='lat' dir='ltr'>deorum</span> <span class='ocrx_word' id='word_1_130' title='bbox 948 1640 984 1679; x_wconf 82' lang='lat' dir='ltr'>ras</span> 
     </span>
     <span class='ocr_line' id='line_1_21' title="bbox 135 1698 845 1772; baseline 0.007 -21"><span class='ocrx_word' id='word_1_131' title='bbox 135 1698 290 1754; x_wconf 88' lang='lat' dir='ltr'>Observans</span> <span class='ocrx_word' id='word_1_132' title='bbox 308 1702 392 1757; x_wconf 89' lang='lat' dir='ltr'>oculis</span> <span class='ocrx_word' id='word_1_133' title='bbox 411 1720 516 1756; x_wconf 85' lang='lat' dir='ltr'>summo</span> <span class='ocrx_word' id='word_1_134' title='bbox 535 1703 615 1756; x_wconf 87' lang='lat' dir='ltr'>sedet</span> <span class='ocrx_word' id='word_1_135' title='bbox 632 1701 705 1756; x_wconf 87' lang='lat' dir='ltr'>altus</span> <span class='ocrx_word' id='word_1_136' title='bbox 724 1702 845 1772; x_wconf 77' lang='lat' dir='ltr'>Olympo.</span> 
     </span>
     <span class='ocr_line' id='line_1_22' title="bbox 135 1776 880 1846; baseline 0.005 -18"><span class='ocrx_word' id='word_1_137' title='bbox 135 1776 303 1844; x_wconf 87' lang='lat' dir='ltr'>Tyrrhenum</span> <span class='ocrx_word' id='word_1_138' title='bbox 321 1780 430 1846; x_wconf 87' lang='lat' dir='ltr'>genitor</span> <span class='ocrx_word' id='word_1_139' title='bbox 448 1779 616 1833; x_wconf 85' lang='lat' dir='ltr'>Tarchonem</span> <span class='ocrx_word' id='word_1_140' title='bbox 633 1780 662 1832; x_wconf 91' lang='lat' dir='ltr'>in</span> <span class='ocrx_word' id='word_1_141' title='bbox 679 1779 783 1846; x_wconf 88' lang='lat' dir='ltr'>proelia</span> <span class='ocrx_word' id='word_1_142' title='bbox 800 1795 880 1832; x_wconf 87' lang='lat' dir='ltr'>saeva</span> 
     </span>
     <span class='ocr_line' id='line_1_23' title="bbox 135 1852 862 1920; baseline 0 -14"><span class='ocrx_word' id='word_1_143' title='bbox 135 1852 261 1920; x_wconf 87' lang='lat' dir='ltr'>Suscitat,</span> <span class='ocrx_word' id='word_1_144' title='bbox 280 1859 309 1908; x_wconf 91' lang='lat' dir='ltr'>et</span> <span class='ocrx_word' id='word_1_145' title='bbox 327 1856 445 1909; x_wconf 86' lang='lat' dir='ltr'>stimulis</span> <span class='ocrx_word' id='word_1_146' title='bbox 462 1855 536 1908; x_wconf 91' lang='lat' dir='ltr'>haud</span> <span class='ocrx_word' id='word_1_147' title='bbox 554 1854 680 1909; x_wconf 90' lang='lat' dir='ltr'>mollibus</span> <span class='ocrx_word' id='word_1_148' title='bbox 697 1854 784 1908; x_wconf 86' lang='lat' dir='ltr'>inlicit</span> <span class='ocrx_word' id='word_1_149' title='bbox 801 1855 862 1907; x_wconf 87' lang='lat' dir='ltr'>iras</span> 
     </span>
     <span class='ocr_line' id='line_1_24' title="bbox 137 1927 879 1999; baseline 0.001 -19"><span class='ocrx_word' id='word_1_150' title='bbox 137 1927 207 1996; x_wconf 81' lang='lat' dir='ltr'>Ergo</span> <span class='ocrx_word' id='word_1_151' title='bbox 224 1929 297 1982; x_wconf 88' lang='lat' dir='ltr'>inter</span> <span class='ocrx_word' id='word_1_152' title='bbox 315 1930 413 1984; x_wconf 90' lang='lat' dir='ltr'>caedes</span> <span class='ocrx_word' id='word_1_153' title='bbox 431 1931 613 1999; x_wconf 87' lang='lat' dir='ltr'>cedentiaque</span> <span class='ocrx_word' id='word_1_154' title='bbox 631 1930 740 1999; x_wconf 86' lang='lat' dir='ltr'>agmina</span> <span class='ocrx_word' id='word_1_155' title='bbox 758 1929 879 1982; x_wconf 85' lang='lat' dir='ltr'>Tarchon</span> 
     </span>
     <span class='ocr_line' id='line_1_25' title="bbox 136 2004 984 2074; baseline 0.001 -17"><span class='ocrx_word' id='word_1_156' title='bbox 136 2004 237 2058; x_wconf 83' lang='lat' dir='ltr'>Fertur</span> <span class='ocrx_word' id='word_1_157' title='bbox 255 2023 334 2074; x_wconf 84' lang='lat' dir='ltr'>equo,</span> <span class='ocrx_word' id='word_1_158' title='bbox 351 2008 488 2074; x_wconf 89' lang='lat' dir='ltr'>variisque</span> <span class='ocrx_word' id='word_1_159' title='bbox 506 2007 619 2074; x_wconf 90' lang='lat' dir='ltr'>instigat</span> <span class='ocrx_word' id='word_1_160' title='bbox 636 2005 745 2059; x_wconf 90' lang='lat' dir='ltr'>vocibus</span> <span class='ocrx_word' id='word_1_161' title='bbox 762 2005 826 2072; x_wconf 73' lang='lat' dir='ltr'>alas,</span> <span class='ocrx_word' id='word_1_162' title='bbox 947 2019 984 2059; x_wconf 84' lang='lat' dir='ltr'>rso</span> 
     </span>
     <span class='ocr_line' id='line_1_26' title="bbox 135 2081 977 2152; baseline 0.002 -19"><span class='ocrx_word' id='word_1_163' title='bbox 135 2081 251 2135; x_wconf 90' lang='lat' dir='ltr'>Nomine</span> <span class='ocrx_word' id='word_1_164' title='bbox 270 2099 407 2152; x_wconf 89' lang='lat' dir='ltr'>quemque</span> <span class='ocrx_word' id='word_1_165' title='bbox 425 2099 529 2149; x_wconf 86' lang='lat' dir='ltr'>vocans,</span> <span class='ocrx_word' id='word_1_166' title='bbox 548 2082 692 2151; x_wconf 86' lang='lat' dir='ltr'>reficitque</span> <span class='ocrx_word' id='word_1_167' title='bbox 710 2081 738 2135; x_wconf 94' lang='lat' dir='ltr'>in</span> <span class='ocrx_word' id='word_1_168' title='bbox 756 2081 861 2151; x_wconf 86' lang='lat' dir='ltr'>proelia</span> <span class='ocrx_word' id='word_1_169' title='bbox 878 2081 977 2148; x_wconf 87' lang='lat' dir='ltr'>pulsos.</span> 
     </span>
     <span class='ocr_line' id='line_1_27' title="bbox 135 2157 938 2228; baseline 0.001 -19"><span class='ocrx_word' id='word_1_170' title='bbox 135 2157 202 2221; x_wconf 82' lang='lat' dir='ltr'>Quis</span> <span class='ocrx_word' id='word_1_171' title='bbox 220 2161 317 2225; x_wconf 90' lang='lat' dir='ltr'>metus,</span> <span class='ocrx_word' id='word_1_172' title='bbox 335 2176 351 2212; x_wconf 95' lang='lat' dir='ltr'>o</span> <span class='ocrx_word' id='word_1_173' title='bbox 369 2175 517 2228; x_wconf 83' lang='lat' dir='ltr'>numquam</span> <span class='ocrx_word' id='word_1_174' title='bbox 536 2158 656 2224; x_wconf 88' lang='lat' dir='ltr'>dolituri,</span> <span class='ocrx_word' id='word_1_175' title='bbox 675 2175 691 2211; x_wconf 91' lang='lat' dir='ltr'>o</span> <span class='ocrx_word' id='word_1_176' title='bbox 709 2175 818 2227; x_wconf 89' lang='lat' dir='ltr'>semper</span> <span class='ocrx_word' id='word_1_177' title='bbox 835 2157 938 2210; x_wconf 88' lang='lat' dir='ltr'>inertes</span> 
     </span>
     <span class='ocr_line' id='line_1_28' title="bbox 135 2233 810 2302; baseline 0.003 -16"><span class='ocrx_word' id='word_1_178' title='bbox 135 2233 273 2302; x_wconf 87' lang='lat' dir='ltr'>Tyrrheni,</span> <span class='ocrx_word' id='word_1_179' title='bbox 293 2251 363 2302; x_wconf 87' lang='lat' dir='ltr'>quae</span> <span class='ocrx_word' id='word_1_180' title='bbox 381 2239 459 2289; x_wconf 77' lang='lat' dir='ltr'>tanta</span> <span class='ocrx_word' id='word_1_181' title='bbox 476 2235 575 2288; x_wconf 87' lang='lat' dir='ltr'>animis</span> <span class='ocrx_word' id='word_1_182' title='bbox 591 2235 698 2302; x_wconf 86' lang='lat' dir='ltr'>ignavia</span> <span class='ocrx_word' id='word_1_183' title='bbox 716 2235 810 2288; x_wconf 87' lang='lat' dir='ltr'>venitl</span> 
     </span>
     <span class='ocr_line' id='line_1_29' title="bbox 136 2309 903 2380; baseline 0.001 -18"><span class='ocrx_word' id='word_1_184' title='bbox 136 2309 248 2363; x_wconf 82' lang='lat' dir='ltr'>Femina</span> <span class='ocrx_word' id='word_1_185' title='bbox 265 2311 383 2378; x_wconf 85' lang='lat' dir='ltr'>palantis</span> <span class='ocrx_word' id='word_1_186' title='bbox 401 2313 466 2380; x_wconf 88' lang='lat' dir='ltr'>agit,</span> <span class='ocrx_word' id='word_1_187' title='bbox 485 2315 570 2379; x_wconf 89' lang='lat' dir='ltr'>atque</span> <span class='ocrx_word' id='word_1_188' title='bbox 588 2310 654 2364; x_wconf 90' lang='lat' dir='ltr'>haec</span> <span class='ocrx_word' id='word_1_189' title='bbox 672 2311 780 2378; x_wconf 87' lang='lat' dir='ltr'>agmina</span> <span class='ocrx_word' id='word_1_190' title='bbox 799 2310 903 2364; x_wconf 81' lang='lat' dir='ltr'>vertiti</span> 
     </span>
     <span class='ocr_line' id='line_1_30' title="bbox 135 2381 980 2456; baseline -0.002 -18"><span class='ocrx_word' id='word_1_191' title='bbox 135 2387 195 2450; x_wconf 83' lang='lat' dir='ltr'>Quo</span> <span class='ocrx_word' id='word_1_192' title='bbox 212 2385 323 2453; x_wconf 85' lang='lat' dir='ltr'>ferrum,</span> <span class='ocrx_word' id='word_1_193' title='bbox 342 2386 443 2456; x_wconf 90' lang='lat' dir='ltr'>quidve</span> <span class='ocrx_word' id='word_1_194' title='bbox 462 2387 529 2440; x_wconf 91' lang='lat' dir='ltr'>haec</span> <span class='ocrx_word' id='word_1_195' title='bbox 546 2387 666 2454; x_wconf 86' lang='lat' dir='ltr'>gerimus</span> <span class='ocrx_word' id='word_1_196' title='bbox 684 2386 741 2438; x_wconf 86' lang='lat' dir='ltr'>tela</span> <span class='ocrx_word' id='word_1_197' title='bbox 759 2385 841 2439; x_wconf 91' lang='lat' dir='ltr'>inrita</span> <span class='ocrx_word' id='word_1_198' title='bbox 859 2381 980 2439; x_wconf 80' lang='lat' dir='ltr'>dextrisl</span> 
     </span>
     <span class='ocr_line' id='line_1_31' title="bbox 136 2460 981 2529; baseline -0.002 -13"><span class='ocrx_word' id='word_1_199' title='bbox 136 2464 176 2516; x_wconf 87' lang='lat' dir='ltr'>At</span> <span class='ocrx_word' id='word_1_200' title='bbox 194 2479 247 2515; x_wconf 94' lang='lat' dir='ltr'>non</span> <span class='ocrx_word' id='word_1_201' title='bbox 265 2462 294 2515; x_wconf 91' lang='lat' dir='ltr'>in</span> <span class='ocrx_word' id='word_1_202' title='bbox 312 2462 450 2516; x_wconf 88' lang='lat' dir='ltr'>Venerem</span> <span class='ocrx_word' id='word_1_203' title='bbox 469 2479 567 2529; x_wconf 83' lang='lat' dir='ltr'>segnes</span> <span class='ocrx_word' id='word_1_204' title='bbox 585 2465 770 2529; x_wconf 90' lang='lat' dir='ltr'>nocturnaque</span> <span class='ocrx_word' id='word_1_205' title='bbox 788 2460 867 2518; x_wconf 88' lang='lat' dir='ltr'>bella.</span> <span class='ocrx_word' id='word_1_206' title='bbox 948 2474 981 2514; x_wconf 74' lang='lat' dir='ltr'>rer</span> 
     </span>
     <span class='ocr_line' id='line_1_32' title="bbox 136 2536 811 2603; baseline -0.006 -11"><span class='ocrx_word' id='word_1_207' title='bbox 136 2539 202 2603; x_wconf 81' lang='lat' dir='ltr'>Aut,</span> <span class='ocrx_word' id='word_1_208' title='bbox 221 2539 268 2592; x_wconf 92' lang='lat' dir='ltr'>ubi</span> <span class='ocrx_word' id='word_1_209' title='bbox 286 2555 368 2592; x_wconf 87' lang='lat' dir='ltr'>curva</span> <span class='ocrx_word' id='word_1_210' title='bbox 385 2538 481 2592; x_wconf 89' lang='lat' dir='ltr'>choros</span> <span class='ocrx_word' id='word_1_211' title='bbox 498 2537 599 2590; x_wconf 85' lang='lat' dir='ltr'>indixit</span> <span class='ocrx_word' id='word_1_212' title='bbox 617 2536 685 2590; x_wconf 85' lang='lat' dir='ltr'>tibia</span> <span class='ocrx_word' id='word_1_213' title='bbox 705 2536 811 2599; x_wconf 88' lang='lat' dir='ltr'>Bacchi,</span> 
     </span>
     <span class='ocr_line' id='line_1_33' title="bbox 135 2612 845 2683; baseline -0.004 -16"><span class='ocrx_word' id='word_1_214' title='bbox 135 2614 301 2682; x_wconf 86' lang='lat' dir='ltr'>Exspectare</span> <span class='ocrx_word' id='word_1_215' title='bbox 320 2614 404 2683; x_wconf 89' lang='lat' dir='ltr'>dapes</span> <span class='ocrx_word' id='word_1_216' title='bbox 422 2618 451 2667; x_wconf 90' lang='lat' dir='ltr'>et</span> <span class='ocrx_word' id='word_1_217' title='bbox 468 2613 565 2681; x_wconf 89' lang='lat' dir='ltr'>plenae</span> <span class='ocrx_word' id='word_1_218' title='bbox 581 2612 678 2681; x_wconf 90' lang='lat' dir='ltr'>pocula</span> <span class='ocrx_word' id='word_1_219' title='bbox 696 2628 845 2677; x_wconf 86' lang='lat' dir='ltr'>mensae,-</span> 
     </span>
     <span class='ocr_line' id='line_1_34' title="bbox 136 2687 982 2756; baseline -0.005 -12"><span class='ocrx_word' id='word_1_220' title='bbox 136 2691 190 2744; x_wconf 91' lang='lat' dir='ltr'>Hic</span> <span class='ocrx_word' id='word_1_221' title='bbox 201 2707 284 2756; x_wconf 89' lang='lat' dir='ltr'>amor,</span> <span class='ocrx_word' id='word_1_222' title='bbox 297 2690 347 2744; x_wconf 88' lang='lat' dir='ltr'>hoe</span> <span class='ocrx_word' id='word_1_223' title='bbox 364 2688 587 2744; x_wconf 90' lang='lat' dir='ltr'>studium-dum</span> <span class='ocrx_word' id='word_1_224' title='bbox 605 2704 681 2741; x_wconf 88' lang='lat' dir='ltr'>sacra</span> <span class='ocrx_word' id='word_1_225' title='bbox 697 2687 832 2741; x_wconf 89' lang='lat' dir='ltr'>secundus</span> <span class='ocrx_word' id='word_1_226' title='bbox 848 2687 982 2756; x_wconf 82' lang='lat' dir='ltr'>haruspex</span> 
     </span>
     <span class='ocr_line' id='line_1_35' title="bbox 134 2763 982 2833; baseline -0.007 -13"><span class='ocrx_word' id='word_1_227' title='bbox 134 2766 259 2832; x_wconf 88' lang='lat' dir='ltr'>Nuntiet,</span> <span class='ocrx_word' id='word_1_228' title='bbox 278 2783 309 2820; x_wconf 86' lang='lat' dir='ltr'>ae</span> <span class='ocrx_word' id='word_1_229' title='bbox 326 2765 401 2819; x_wconf 90' lang='lat' dir='ltr'>luces</span> <span class='ocrx_word' id='word_1_230' title='bbox 418 2767 497 2819; x_wconf 86' lang='lat' dir='ltr'>vocet</span> <span class='ocrx_word' id='word_1_231' title='bbox 514 2764 604 2818; x_wconf 89' lang='lat' dir='ltr'>hostia</span> <span class='ocrx_word' id='word_1_232' title='bbox 621 2764 728 2833; x_wconf 90' lang='lat' dir='ltr'>pinguis</span> <span class='ocrx_word' id='word_1_233' title='bbox 745 2764 773 2816; x_wconf 93' lang='lat' dir='ltr'>in</span> <span class='ocrx_word' id='word_1_234' title='bbox 791 2763 867 2817; x_wconf 89' lang='lat' dir='ltr'>altos.</span> <span class='ocrx_word' id='word_1_235' title='bbox 948 2778 982 2816; x_wconf 76' lang='lat' dir='ltr'>rar</span> 
     </span>
     <span class='ocr_line' id='line_1_36' title="bbox 137 2840 920 2909; baseline -0.004 -13"><span class='ocrx_word' id='word_1_236' title='bbox 137 2842 212 2896; x_wconf 87' lang='lat' dir='ltr'>llaec</span> <span class='ocrx_word' id='word_1_237' title='bbox 231 2842 328 2895; x_wconf 77' lang='lat' dir='ltr'>effatus</span> <span class='ocrx_word' id='word_1_238' title='bbox 345 2857 446 2909; x_wconf 86' lang='lat' dir='ltr'>equum</span> <span class='ocrx_word' id='word_1_239' title='bbox 464 2841 492 2894; x_wconf 92' lang='lat' dir='ltr'>iu</span> <span class='ocrx_word' id='word_1_240' title='bbox 510 2840 622 2908; x_wconf 89' lang='lat' dir='ltr'>medios,</span> <span class='ocrx_word' id='word_1_241' title='bbox 640 2841 789 2894; x_wconf 86' lang='lat' dir='ltr'>moriturus</span> <span class='ocrx_word' id='word_1_242' title='bbox 807 2844 836 2894; x_wconf 91' lang='lat' dir='ltr'>et</span> <span class='ocrx_word' id='word_1_243' title='bbox 854 2840 920 2908; x_wconf 89' lang='lat' dir='ltr'>ipse,</span> 
     </span>
     <span class='ocr_line' id='line_1_37' title="bbox 135 2916 914 2984; baseline -0.004 -13"><span class='ocrx_word' id='word_1_244' title='bbox 135 2917 267 2984; x_wconf 73' lang='lat' dir='ltr'>Concitet,</span> <span class='ocrx_word' id='word_1_245' title='bbox 286 2922 315 2971; x_wconf 89' lang='lat' dir='ltr'>ct</span> <span class='ocrx_word' id='word_1_246' title='bbox 335 2918 441 2971; x_wconf 88' lang='lat' dir='ltr'>Venulo</span> <span class='ocrx_word' id='word_1_247' title='bbox 465 2918 610 2971; x_wconf 85' lang='lat' dir='ltr'>adversum</span> <span class='ocrx_word' id='word_1_248' title='bbox 628 2933 658 2970; x_wconf 88' lang='lat' dir='ltr'>se</span> <span class='ocrx_word' id='word_1_249' title='bbox 677 2916 806 2972; x_wconf 90' lang='lat' dir='ltr'>turbidus</span> <span class='ocrx_word' id='word_1_250' title='bbox 824 2916 914 2981; x_wconf 80' lang='lat' dir='ltr'>infert,</span> 
     </span>
     <span class='ocr_line' id='line_1_38' title="bbox 135 2992 920 3063; baseline -0.005 -16"><span class='ocrx_word' id='word_1_251' title='bbox 135 2993 340 3063; x_wconf 87' lang='lat' dir='ltr'>Dereptumque</span> <span class='ocrx_word' id='word_1_252' title='bbox 357 2993 393 3047; x_wconf 85' lang='lat' dir='ltr'>ab</span> <span class='ocrx_word' id='word_1_253' title='bbox 411 3010 481 3063; x_wconf 85' lang='lat' dir='ltr'>equo</span> <span class='ocrx_word' id='word_1_254' title='bbox 499 2994 599 3047; x_wconf 84' lang='lat' dir='ltr'>dextra</span> <span class='ocrx_word' id='word_1_255' title='bbox 616 2993 796 3062; x_wconf 89' lang='lat' dir='ltr'>conplectitur</span> <span class='ocrx_word' id='word_1_256' title='bbox 813 2992 920 3045; x_wconf 88' lang='lat' dir='ltr'>hostem</span> 
     </span>
     <span class='ocr_line' id='line_1_39' title="bbox 135 3067 904 3138; baseline -0.004 -14"><span class='ocrx_word' id='word_1_257' title='bbox 135 3070 172 3124; x_wconf 86' lang='lat' dir='ltr'>llt</span> <span class='ocrx_word' id='word_1_258' title='bbox 188 3070 322 3138; x_wconf 88' lang='lat' dir='ltr'>gremium</span> <span class='ocrx_word' id='word_1_259' title='bbox 340 3075 405 3124; x_wconf 89' lang='lat' dir='ltr'>ante</span> <span class='ocrx_word' id='word_1_260' title='bbox 423 3087 501 3124; x_wconf 86' lang='lat' dir='ltr'>suum</span> <span class='ocrx_word' id='word_1_261' title='bbox 520 3069 607 3123; x_wconf 89' lang='lat' dir='ltr'>multa</span> <span class='ocrx_word' id='word_1_262' title='bbox 623 3069 649 3122; x_wconf 91' lang='lat' dir='ltr'>vi</span> <span class='ocrx_word' id='word_1_263' title='bbox 667 3069 790 3122; x_wconf 87' lang='lat' dir='ltr'>concitus</span> <span class='ocrx_word' id='word_1_264' title='bbox 807 3067 904 3122; x_wconf 85' lang='lat' dir='ltr'>aufert</span> 
     </span>
     <span class='ocr_line' id='line_1_40' title="bbox 135 3144 983 3215; baseline -0.004 -15"><span class='ocrx_word' id='word_1_265' title='bbox 135 3146 251 3201; x_wconf 90' lang='lat' dir='ltr'>Tollitur</span> <span class='ocrx_word' id='word_1_266' title='bbox 268 3147 296 3200; x_wconf 93' lang='lat' dir='ltr'>in</span> <span class='ocrx_word' id='word_1_267' title='bbox 313 3147 417 3202; x_wconf 87' lang='lat' dir='ltr'>eaelum</span> <span class='ocrx_word' id='word_1_268' title='bbox 435 3146 544 3215; x_wconf 89' lang='lat' dir='ltr'>elamor,</span> <span class='ocrx_word' id='word_1_269' title='bbox 561 3145 707 3214; x_wconf 87' lang='lat' dir='ltr'>cunctique</span> <span class='ocrx_word' id='word_1_270' title='bbox 725 3144 816 3199; x_wconf 84' lang='lat' dir='ltr'>Latini</span> <span class='ocrx_word' id='word_1_271' title='bbox 948 3156 983 3197; x_wconf 71' lang='lat' dir='ltr'>ras</span> 
     </span>
     <span class='ocr_line' id='line_1_41' title="bbox 146 3220 935 3292; baseline -0.005 -15"><span class='ocrx_word' id='word_1_272' title='bbox 146 3222 302 3278; x_wconf 57' lang='lat' dir='ltr'>&#39;&#39;‘*nvertcrc</span> <span class='ocrx_word' id='word_1_273' title='bbox 320 3223 418 3278; x_wconf 87' lang='lat' dir='ltr'>oculos.</span> <span class='ocrx_word' id='word_1_274' title='bbox 455 3223 538 3277; x_wconf 90' lang='lat' dir='ltr'>Volat</span> <span class='ocrx_word' id='word_1_275' title='bbox 555 3223 651 3292; x_wconf 86' lang='lat' dir='ltr'>igneus</span> <span class='ocrx_word' id='word_1_276' title='bbox 668 3237 787 3290; x_wconf 81' lang='lat' dir='ltr'>aequore</span> <span class='ocrx_word' id='word_1_277' title='bbox 805 3220 935 3285; x_wconf 87' lang='lat' dir='ltr'>Tarchon,</span> 
     </span>
    </p>
   </div>
   <div class='ocr_carea' id='block_1_3' title="bbox 0 0 1138 3570">
    <p class='ocr_par' dir='ltr' id='par_1_4' title="bbox 0 0 1138 3570">
     <span class='ocr_line' id='line_1_42' title="bbox 0 0 1138 3570; baseline 0 0"><span class='ocrx_word' id='word_1_278' title='bbox 0 0 1138 3570; x_wconf 95' lang='lat' dir='ltr'> </span> 
     </span>
    </p>
   </div>
  </div>
 </body>
</html>
