2268 3570
394 191 577 240 autumnos
594 191 663 241 LIB.
683 191 718 244 X.
934 196 981 245 277

132 272 336 337 Anchemolum,
355 272 488 325 thalamos
506 287 602 325 ausum
620 271 755 328 incestare
772 289 912 328 novercae.

130 348 188 401 Vos
206 348 288 402 etiam
305 349 408 415 gemini
428 347 537 401 Rutulis
556 349 693 404 cecidistis
711 351 740 404 in
758 350 837 416 arvis,
945 364 983 402 seo

131 423 242 492 Daueia,
260 424 360 478 Laride
379 424 578 493 Thymberque,
597 426 734 482 simillima
750 427 849 495 proles,

132 501 285 554 Indiscreta
303 501 358 554 suis
376 506 527 570 gratusque
544 502 706 570 parentibus
724 519 801 557 error
811 523 818 568 ;

131 580 171 630 nt
188 593 259 630 nunc
277 577 347 630 dura
364 578 443 632 dedit
461 578 538 631 vobis
556 577 711 633 discrimina
730 579 835 633 Pallas:

130 653 201 707 Nam
219 653 278 720 tibi,
298 653 439 722 Thymbre,
458 657 540 722 caput
559 654 713 708 Euandrius
731 654 847 708 abstulit
866 654 958 718 ensis;
1002 663 1009 686 ⁸

130 729 168 783 Te
186 729 278 783 decisa
295 747 381 797 suum,
401 730 509 797 Laride,
528 731 642 784 dextera
664 732 780 800 quaerit,
945 745 981 783 eos

131 806 362 874 Semianimesque
380 807 482 860 micant
498 806 578 874 digiti
597 807 756 876 ferrumque
775 808 934 860 retractant.

132 882 261 948 Arcadas,
281 899 407 936 accensos
426 882 531 935 monitu
550 886 578 935 et
596 883 736 950 praeclara
754 883 858 936 tuentis

133 958 216 1012 Facta
234 958 292 1022 riri,
312 959 414 1011 mixtus
433 957 511 1010 dolor
529 962 558 1012 et
575 959 664 1026 pudor
681 964 768 1012 arraret
787 959 815 1011 in
834 958 927 1011 hostie.

131 1035 199 1086 Tum
220 1034 309 1086 Pallas
326 1033 427 1102 biiugis
445 1035 595 1102 fugientem
616 1035 740 1089 Rhoetea
757 1041 869 1104 praeter

131 1110 247 1164 Traiicit.
284 1110 345 1163 Hoc
363 1109 482 1179 spatium
500 1113 662 1178 tantumque
680 1128 771 1164 morae
789 1111 842 1164 fuit
860 1110 919 1174 1103
944 1125 981 1163 400

132 1185 173 1240 llo
192 1203 309 1254 namque
327 1186 418 1253 procul
439 1186 556 1239 validam
575 1186 716 1241 direxerat
734 1187 853 1241 hastam:

131 1261 217 1325 Quam
235 1263 343 1315 medius
363 1261 503 1316 Rhoeteus
521 1263 667 1332 intercipit,
686 1268 798 1332 optume
816 1264 945 1329 Teuthra,

130 1337 168 1392 Te
185 1339 292 1406 fugiens
310 1339 479 1408 fratremque
498 1339 603 1408 'l'yren;
621 1355 757 1408 curruque
775 1340 883 1393 volutus

130 1414 229 1468 Caedit
247 1415 412 1468 semianimis
432 1416 595 1469 Rutulorum
615 1415 733 1469 calcibus
751 1433 820 1470 arva

130 1493 173 1544 Ae
191 1490 273 1555 velut,
292 1496 386 1558 optato
403 1492 493 1544 ventis
510 1496 616 1546 aestate
635 1493 741 1559 coortis,
944 1507 980 1546 eos

130 1566 260 1635 Dispersa
278 1567 394 1620 inmittit
413 1567 486 1619 silvis
504 1568 629 1620 incendia
647 1572 756 1634 pastor,

130 1643 271 1710 Correptis
289 1642 380 1695 subito
399 1643 496 1696 mediis
515 1643 676 1696 extenditur
693 1660 748 1696 uua

131 1718 252 1772 Horrida
267 1731 318 1784 per
337 1719 407 1771 latos
425 1719 497 1771 acies
515 1718 646 1772 Volcania
664 1735 789 1788 earnpos;

131 1795 181 1848 Ille
200 1791 298 1849 sedens
316 1796 404 1848 uictor
422 1795 544 1848 flammas
563 1795 706 1862 despectat
724 1796 841 1851 ovantis:

130 1871 191 1924 Non
210 1871 291 1925 aliter
309 1872 410 1924 socium
430 1871 517 1925 virtus
535 1871 590 1925 coit
607 1871 695 1923 onnus
713 1871 741 1923 in
759 1889 850 1940 unum,
945 1888 982 1928 410

130 1949 222 2017 Teque
240 1949 321 2014 iuvat,
343 1948 425 2001 Palla.
462 1947 517 2002 Sed
535 1947 613 2001 bellis
631 1963 694 2000 acer
713 1948 848 2002 Halaesus

130 2023 228 2078 Tendit
247 2025 274 2077 in
293 2025 429 2091 adversos,
448 2041 530 2093 seque
549 2025 576 2077 in
595 2040 643 2077 sua
661 2024 763 2092 colligit
780 2042 862 2079 arma

131 2102 184 2154 llic
202 2105 304 2154 mactat
324 2101 434 2153 Ladona
455 2101 626 2168 Pheretaque
645 2100 903 2169 Demodocumque3

131 2177 285 2245 Strymonio
303 2176 428 2230 dextram
448 2177 564 2243 fulgenti
584 2176 685 2244 deripit
704 2193 768 2229 ense

132 2254 238 2307 Elatum
257 2253 285 2306 in
303 2252 440 2320 iugulum:
460 2269 525 2304 saxo
543 2252 608 2305 ferit
626 2268 674 2306 era
692 2251 830 2320 Thoantis,
946 2268 982 2308 lis

131 2333 254 2400 fissaque
273 2328 403 2397 dispersit
421 2327 533 2381 cerebro
551 2327 688 2396 permixta
706 2333 825 2380 cruento.

131 2408 200 2460 Fata
217 2422 315 2459 canens
333 2403 407 2457 silvis
425 2405 533 2472 genitor
551 2404 652 2458 celarat
672 2405 837 2471 Halaesunr;

131 2483 170 2537 Ut
189 2482 278 2536 senior
296 2480 354 2535 leto
371 2481 498 2534 canentia
515 2481 618 2534 lumina
636 2480 724 2548 solvit,

133 2560 255 2612 lniecere
273 2575 383 2612 manum
403 2557 511 2623 Pareae,
530 2557 649 2626 telisque
668 2562 809 2612 sacrarimt

132 2635 259 2689 Euandri.
297 2635 384 2698 Quem
403 2635 440 2688 sie
459 2635 548 2688 Pallas
566 2635 638 2704 petit
656 2637 720 2687 ante
737 2638 877 2702 precatus:
946 2651 983 2688 sao

132 2713 174 2765 Da
191 2727 269 2776 nunc,
289 2711 388 2779 Thybri
407 2717 493 2779 pater,
512 2711 592 2777 ferro,
612 2709 686 2778 quod
704 2711 805 2764 missile
822 2711 899 2779 libro,

134 2789 281 2842 Fortunam
299 2791 383 2855 atque
400 2788 471 2840 viam
490 2786 552 2840 duri
570 2803 620 2854 per
638 2789 733 2854 pectus
753 2787 872 2842 Halaesi.

134 2865 210 2918 llaec
228 2879 305 2917 anua
323 2863 488 2932 exuviasque
506 2863 557 2916 viri
575 2866 624 2915 tua
642 2879 758 2930 quercus
776 2863 895 2918 habebit.

134 2941 232 2994 Audiit
249 2939 296 2992 illa
314 2937 400 3004 deus;
418 2939 483 2992 dum
502 2939 573 2992 texit
592 2939 705 2992 Imaona
724 2939 867 3006 Halaesus

134 3016 253 3070 Arcadio
271 3015 365 3068 infelix
383 3015 438 3068 telo
457 3015 505 3068 dat
522 3019 618 3084 peetus
635 3015 779 3070 inermum.
947 3031 983 3069 aas

136 3098 175 3148 nt
192 3109 245 3145 non
264 3092 347 3146 caede
365 3091 415 3144 riri
433 3095 511 3146 tanta
528 3091 676 3159 perterrita
695 3091 806 3157 Lausus,

136 3171 202 3224 Pars
219 3170 315 3237 ingens
333 3167 405 3233 belli,
424 3169 488 3222 sinit
505 3168 629 3235 agmina:
647 3166 751 3234 primus
770 3166 908 3222 Abantem

134 3246 296 3320 Oppositum
314 3245 455 3314 interimit,
473 3261 581 3315 pugnae
598 3242 755 3311 nodumque
773 3259 938 3316 moramque.
