2266 3562
379 183 568 234 BUCOLICA.
598 185 671 232 ECL.
692 182 741 232 IX.
950 189 980 233 19

132 267 193 321 Has
211 265 276 320 olim
294 265 405 319 exuvias
423 264 490 318 mihi
509 264 631 333 pertidus
649 265 695 318 ille
713 264 833 334 reliquit,

131 343 250 411 Pignora
267 357 330 395 cara
348 342 407 405 sui;
425 358 496 410 quae
514 359 585 395 nunc
604 359 654 412 ego
672 341 765 395 limine
782 342 809 395 in
828 342 894 412 ipso,

130 420 222 485 Terra,
241 418 292 472 tibi
311 417 429 484 mando;
448 417 551 471 debent
569 418 636 472 haec
655 419 768 486 pignora
786 418 929 487 Daphnim.

131 497 230 549 Ducite
243 495 278 548 ab
290 494 358 547 urhe
372 493 490 560 domum,
504 511 566 548 mea
578 495 704 562 carmina,
717 494 808 548 ducito
822 495 965 565 Daphnim.

131 573 191 626 Has
207 571 306 626 herbas
324 575 408 639 atque
427 570 494 624 haec
513 570 600 624 Ponto
619 571 683 624 mihi
702 571 773 626 lecta
790 589 893 627 venena
959 590 983 628 ae

131 648 195 717 Ipse
213 647 292 701 dedit
312 647 429 712 Moeris;
448 650 596 700 nascuntur
615 647 731 715 plurima
751 649 844 703 Ponto.

131 726 183 779 llis
202 741 252 793 ego
271 740 352 792 saepe
371 723 466 792 lupum
485 723 544 776 lieri
563 727 592 776 et
610 741 640 777 sc
658 725 774 780 condere
793 726 867 780 silvis

130 801 254 869 Moerim,
274 818 354 870 saepe
373 801 476 854 animas
494 801 556 854 imis
574 801 665 854 excire
684 803 832 870 sepulchris

130 880 225 948 Atque
244 883 317 932 satas
335 878 387 930 alio
405 877 462 930 vidi
481 877 626 931 traducere
644 879 746 932 messis.
958 896 983 934 es

130 953 229 1009 Ducite
241 955 276 1008 ab
288 953 356 1008 urbo
370 954 488 1020 domum,
502 971 563 1007 mea
575 956 701 1021 earmina,
714 955 806 1008 ducite
819 955 961 1024 Daphnim.

131 1032 185 1085 Fer
202 1032 314 1099 cineres,
336 1031 477 1099 Amarylli,
496 1031 575 1098 foras,
594 1031 708 1101 rivoque
726 1032 821 1085 fluenti

130 1108 270 1177 Transque
281 1111 365 1176 caput
376 1107 434 1160 iace
443 1129 449 1172 ;
459 1125 509 1162 nec
521 1108 682 1177 respexeris.
721 1109 773 1162 llis
785 1125 835 1176 ego
845 1108 980 1179 Daphnim

131 1184 304 1252 Adgrediar;
322 1183 389 1238 nihil
406 1183 452 1238 ille
471 1184 545 1250 deos,
562 1185 599 1238 nil
618 1186 738 1239 carmina
755 1190 838 1240 curat.

130 1260 229 1314 Ducite
241 1260 276 1314 ab
288 1260 356 1315 urbe
369 1261 487 1325 domum,
500 1280 561 1316 mea
573 1262 698 1324 carmina,
711 1263 804 1316 ducite
817 1263 959 1332 Daphnim.

131 1337 239 1406 Aspice,
259 1338 392 1406 corripuit
410 1339 534 1392 tremulis
553 1339 650 1392 altaria
669 1339 783 1394 llamrnis
947 1361 982 1399 ros

130 1413 232 1482 Sponte
252 1431 307 1477 sua,
326 1414 392 1468 dum
409 1416 482 1469 ferre
500 1433 599 1481 moror,
616 1417 684 1469 cinis
701 1416 768 1485 ipsc.
806 1418 912 1472 Bonum
931 1422 980 1476 sit!

131 1489 229 1543 Nescio
248 1490 315 1559 quid
333 1496 409 1544 certe
427 1497 476 1555 est
495 1497 523 1546 et
544 1493 632 1562 Hylax
652 1494 677 1546 in
698 1494 789 1548 limine
808 1496 899 1550 latrat.

131 1565 294 1620 Credimusl
313 1584 355 1633 an,
374 1569 420 1636 qui
438 1573 537 1632 amant,
556 1570 607 1638 ipsi
626 1570 676 1624 sibi
697 1573 800 1626 somnia
819 1573 945 1640 tinguntl

130 1641 248 1712 Parcite,
260 1642 295 1696 ab
307 1643 376 1698 urbo
388 1646 470 1712 venit,
484 1646 545 1710 ianr,
558 1647 684 1713 carmina,
698 1650 810 1716 parcite,
827 1649 959 1718 Daphnis.

424 1815 612 1874 ECLOGA
639 1817 696 1874 IX.

484 1923 628 1973 MOERIS.

421 2024 542 2064 uiciens.
577 2027 688 2067 moesis.

130 2095 163 2149 L.
184 2095 244 2159 Quo
258 2102 293 2160 te,
309 2095 402 2158 Moeri,
416 2094 517 2162 pedesl
530 2111 571 2160 an,
584 2113 638 2164 quo
651 2098 694 2150 via
706 2099 791 2162 ducit,
806 2100 832 2152 in
846 2101 963 2157 urbemi

130 2171 172 2224 M.
192 2171 215 2224 0
236 2171 344 2239 Lycida
362 2171 414 2223 vivi
433 2172 612 2239 pervenimus,
631 2173 735 2227 advena
753 2177 847 2243 nostri,

132 2247 211 2311 Quod
229 2263 377 2315 numquam
396 2247 474 2300 veriti
493 2263 593 2314 sumus,
612 2253 641 2302 ut
660 2267 799 2318 possessor
816 2253 894 2320 agelli

134 2323 257 2376 Diceret:
277 2323 353 2377 Haec
371 2341 432 2376 mea
450 2329 530 2389 sunt;
548 2335 654 2378 veteres
672 2327 788 2396 migrate
806 2329 901 2383 coloni.

132 2400 177 2452 Nu
229 2400 300 2467 victi,
319 2400 421 2467 tristes,
440 2403 566 2469 quoniam
587 2403 654 2454 llors
672 2405 761 2458 omnia
780 2409 878 2473 versat,
970 2425 982 2462 ιι

132 2417 355 2545 ΗοζξιΙΙί-εμιοᾰ
373 2493 422 2529 nee
441 2481 530 2530 vertat
548 2477 786 2534 bene-mittimus
804 2483 912 2538 haedos.

130 2552 163 2606 L.
183 2553 265 2606 Certe
285 2553 412 2621 equidem
431 2554 578 2620 audieram,
598 2575 700 2625 quase
719 2559 870 2613 subducere
888 2560 970 2612 collos

133 2628 279 2698 Incipiunt,
299 2630 428 2699 mollique
447 2632 539 2699 iugum
559 2633 705 2688 demittere
724 2635 800 2700 clivo,

132 2704 227 2775 Usque
239 2707 274 2760 ad
287 2724 386 2775 aquarn
399 2712 427 2761 et
441 2711 547 2775 veteris,
560 2711 612 2762 iarn
626 2711 712 2764 fracta
724 2713 869 2780 cacumina,
881 2714 957 2779 lagos

133 2781 230 2836 Omnia
247 2784 411 2838 carminibus
430 2791 551 2840 vestrum
570 2804 691 2842 servasse
711 2788 859 2842 Menalcan.
959 2803 982 2841 io

132 2858 173 2910 M.
194 2859 339 2928 Audieras,
359 2865 388 2916 et
406 2863 478 2916 fama
496 2863 565 2928 luit3
584 2867 633 2920 sed
651 2867 771 2919 carmina
789 2870 894 2920 tantum

132 2935 235 2989 Nostra
253 2937 350 3004 valent,
370 2939 478 3007 Lycida,
497 2942 553 2995 tela
571 2943 643 2995 inter
662 2942 770 3006 Martie,
789 2947 919 3010 quantum

133 3011 267 3067 Chaonias
285 3013 379 3070 dicunt
397 3018 487 3085 aquilo
505 3019 631 3073 veniente
649 3018 793 3070 columbus.

133 3087 212 3152 Quod
230 3091 280 3144 nisi
299 3107 343 3143 me
362 3108 530 3162 quecumque
548 3109 631 3146 novas
649 3094 769 3147 incidere
787 3094 850 3147 lites

135 3167 209 3220 Ante
227 3165 337 3219 sinistra
355 3182 419 3220 cava
437 3169 587 3224 monuisset
605 3171 640 3224 ab
657 3171 718 3225 ilice
736 3171 837 3237 cornix,
958 3188 982 3226 ιιι

134 3239 193 3296 n'ec
210 3244 274 3296 taus
292 3241 337 3297 hic
355 3241 463 3310 Moeris,
483 3262 532 3300 nec
549 3247 653 3300 vireret
672 3249 729 3317 ipse
749 3247 893 3302 Menalcas.

207 3319 225 3366 ³
