2268 3570
413 171 599 221 sannices
616 173 684 222 LIB.
704 174 754 225 XI.
965 182 1011 228 ’295

162 245 215 301 Ter
232 248 333 302 circum
351 266 486 317 accensos,
505 251 586 306 cincti
603 253 771 322 fulgentibus
790 259 880 326 aruris,

163 322 315 378 Decurrere
333 342 429 393 r0g0s;
454 330 498 380 ter
515 332 649 382 maestum
668 331 770 386 funeris
789 333 879 402 ignem

164 401 327 455 Lustravere
345 402 373 455 in
391 403 475 472 equis,
494 405 669 474 ululatusque
687 423 735 462 ore
753 409 864 464 dedere.
978 427 1013 466 rae

162 479 306 548 Spargitur
324 483 353 534 et
370 480 452 534 tellus
469 481 595 548 lacrimis,
614 489 777 552 sparguntur
795 489 824 539 et
841 503 923 541 arma

164 557 191 610 It
210 558 283 610 caele
302 557 458 627 clamorque
475 559 563 612 virum
582 557 746 629 clarigerque
765 561 900 616 tubarum.

164 633 235 687 Hinc
253 634 299 686 alii
318 634 404 702 spolia
422 635 516 688 occisis
531 636 646 704 derepta
665 636 770 690 Latinis

163 709 316 764 Couiiciunt
333 710 398 778 igni,
417 711 509 780 galeas
528 729 662 780 ensesque
681 712 793 766 decores

163 785 307 854 Frenaque
325 787 512 856 ferventisque
530 792 620 852 rotas;
637 805 701 857 pars
720 805 832 842 munera
850 795 922 858 nota,
979 807 1013 847 raa

163 862 289 931 Ipsorum
306 864 407 933 clipeos
425 868 454 917 et
471 881 524 917 nen
542 865 630 918 felicia
648 866 711 920 tela.

163 938 251 993 Multa
270 939 352 994 boum
371 941 443 994 cirea
461 944 616 994 mactantur
634 959 748 1011 corpora
765 942 855 1010 morti,

163 1015 373 1085 Saetigercsque
392 1033 453 1070 sues
471 1027 619 1086 raptasque
637 1035 671 1072 ex
690 1017 818 1072 omnibus
836 1020 909 1087 agris

164 1091 197 1144 In
215 1091 350 1146 flammam
369 1092 494 1160 iugulant
511 1093 638 1160 pecudes.
675 1094 742 1147 Turn
762 1094 843 1148 litore
861 1099 919 1150 toto

164 1167 297 1220 Ardentis
315 1172 441 1236 spectant
459 1169 552 1236 socios,
571 1170 757 1238 semiustaque
776 1175 887 1224 servant
976 1187 1013 1226 sm

164 1243 256 1310 Busta,
274 1261 364 1312 ncque
382 1245 461 1298 avelli
478 1249 599 1313 pessunt,
617 1261 671 1298 nox
689 1245 802 1299 humida
820 1247 907 1300 donec

164 1319 281 1374 Invertit
298 1321 402 1374 caeluni
421 1321 507 1374 stellis
525 1321 685 1376 ardentibus
703 1326 805 1390 aptum.

198 1396 222 1448 N
225 1414 255 1449 ec
273 1398 360 1449 minus
378 1401 407 1451 et
426 1398 517 1450 miseri
537 1398 645 1451 diversa
663 1398 691 1451 in
709 1404 788 1468 parte
808 1400 898 1453 Latini

164 1472 323 1525 Innumeras
342 1477 466 1526 struxere
485 1490 579 1541 pyras;
598 1483 626 1528 et
644 1492 757 1544 corpora
774 1475 874 1544 partim

164 1548 251 1601 Multa
269 1550 357 1602 virum
376 1553 467 1603 terrae
486 1550 628 1616 infodiunt,
647 1555 796 1619 avectaque
814 1552 914 1619 partim
977 1568 1014 1607 aaa

165 1625 305 1678 Finitimes
324 1627 423 1680 tollunt
440 1627 468 1679 in
486 1643 572 1694 agros,
590 1626 707 1694 urbique
725 1626 889 1692 remittunt;

163 1700 268 1769 Cetera,
286 1703 467 1770 confusaeque
485 1703 623 1770 ingentem
643 1703 733 1756 caedis
751 1719 884 1767 acervum,

162 1777 187 1830 N
190 1795 220 1831 ec
232 1795 344 1830 numere
357 1795 406 1832 nec
418 1779 519 1831 honere
533 1783 669 1842 eremant;
682 1783 747 1832 tunc
759 1778 881 1846 undique
893 1780 964 1834 vasti

162 1853 296 1906 Certatim
314 1855 416 1908 crebris
434 1855 577 1908 conlucent
596 1855 703 1922 ignibus
721 1855 786 1922 agri.

162 1929 253 1983 Tertia
270 1931 317 1983 lux
335 1931 453 1998 gelidam
472 1931 545 1984 caelo
564 1931 716 1985 dimoverat
734 1930 872 1985 umbram:
978 1947 1013 1984 am

163 2005 318 2059 Maerentcs
337 2007 421 2060 altum
441 2007 559 2061 cinerem
580 2015 609 2061 et
627 2007 739 2060 confusa
756 2007 872 2060 ruebant

162 2082 231 2135 Ossa
248 2083 321 2148 fecis,
341 2084 488 2152 tepidoque
507 2084 659 2137 onerabant
677 2101 776 2151 aggere
796 2089 892 2138 terrae.

164 2159 222 2211 lam
240 2176 304 2212 vere
322 2160 350 2211 in
368 2161 456 2226 tectis,
475 2161 635 2228 praedivitis
653 2160 721 2213 urbe
740 2160 839 2225 Latini,

164 2235 328 2304 Praecipuus
346 2235 439 2304 fragor
457 2241 485 2290 ct
503 2237 576 2299 longi
594 2253 657 2304 pars
676 2253 802 2289 maxuma
820 2237 915 2291 luctus.

164 2312 216 2367 Hic
233 2317 337 2366 inatres
356 2313 525 2380 miseraeque
543 2329 635 2377 nurus,
656 2312 698 2364 hic
717 2327 778 2364 cara
797 2329 918 2366 sororum
978 2329 1013 2368 are

164 2386 278 2443 l’ectera
296 2395 474 2455 maerentum,
493 2389 624 2455 puerique
643 2386 802 2456 parentibus
821 2387 892 2452 orbi,

164 2464 258 2516 llirum
278 2469 453 2518 exsecrantur
471 2465 571 2517 bellurn
591 2464 729 2532 Turnique
748 2463 921 2530 hymenaeum

165 2540 256 2607 Ipsum
275 2542 364 2608 armis,
382 2542 527 2609 ipsumque
545 2540 641 2593 iubent
660 2539 807 2592 decernere
825 2541 905 2607 ferre,

164 2616 213 2677 Qui
232 2633 346 2682 regnum
367 2618 463 2670 ltaliae
481 2621 510 2670 et
528 2617 629 2684 primos
649 2616 699 2668 sibi
718 2620 812 2683 poseat
830 2616 953 2671 honores.

164 2693 293 2757 ingravat
312 2694 378 2746 haec
396 2709 491 2746 saevus
511 2693 638 2758 Drances,
658 2691 798 2759 solumque
816 2693 906 2746 vecari
976 2709 1012 2746 aa·

163 2768 297 2832 Testatur,
317 2768 403 2820 solum
421 2768 495 2836 posci
513 2768 541 2820 in
560 2768 709 2821 certamina
728 2768 855 2823 Turnum.

164 2843 251 2896 Multa
269 2843 349 2896 simul
367 2850 462 2905 eontra
479 2844 562 2897 variis
581 2845 718 2898 sententia
736 2845 819 2898 dietis

166 2921 216 2973 Pro
235 2919 339 2983 Turne;
364 2923 393 2972 ct
410 2936 538 2986 magnum
556 2921 667 2988 reginae
685 2935 783 2973 nornen
801 2919 962 2985 obumbrat;

164 2996 251 3050 Multa
268 2995 356 3048 virum
375 2995 480 3048 meritis
500 3000 636 3050 sustentat
653 2996 727 3048 fama
745 2995 871 3062 trepaeis.

198 3073 257 3126 Hes
274 3071 348 3126 inter
365 3075 462 3136 motus,
480 3070 571 3124 medie
589 3071 616 3123 in
635 3071 768 3138 flagrante
786 3071 914 3136 tumultu,
976 3086 1012 3126 aaa

166 3149 232 3203 Eece
251 3166 333 3217 super
350 3147 448 3202 maesti
466 3163 565 3214 magna
584 3145 725 3200 Diomedis
742 3146 777 3200 ab
795 3146 864 3199 urbe

166 3225 259 3292 Legati
278 3240 408 3293 responsa
424 3223 529 3276 ferunt:
553 3221 619 3274 nibil
639 3221 763 3274 omnibus
782 3225 872 3274 aetum
