2268 3570
119 157 166 205 aaa
310 140 312 144 ’
347 156 376 204 Ρ.
395 156 547 205 vanernr
573 156 740 205 mancius

119 234 260 303 Constitit,
278 239 342 290 ente
362 237 455 290 Iovem
474 237 588 306 supplex
605 255 655 306 per
672 241 736 291 veta
752 241 894 307 precatus:

121 311 247 379 luppiter
265 313 442 382 omnipotens,
461 313 610 367 audacibus
628 313 717 368 adnue
735 314 845 382 coeptis.
933 329 969 369 ⁶2⁸

123 388 185 456 lpse
203 388 255 443 tibi
274 389 310 442 ad
327 393 375 444 tna
393 390 497 458 templa
514 390 602 443 seram
620 391 760 444 sollemnia
778 391 857 458 dona,

120 465 156 518 lit
174 468 294 519 statuam
313 470 377 520 ante
396 483 457 519 aras
475 470 572 519 aurata
587 468 679 521 fronte
697 468 848 534 iuvencum,

120 540 296 606 Gaudentem,
314 543 474 611 pariterque
492 547 574 612 caput
592 560 653 597 cum
672 547 760 597 matre
778 544 919 609 ferentem,

110 618 179 672 lam
198 635 281 672 cornu
298 621 374 688 petel
393 619 557 688 etpedibus
576 620 622 688 qui
641 623 752 688 spargat
768 637 887 674 arenam.

121 695 218 748 Audiit
237 698 266 748 et
284 695 351 748 caeli
371 695 487 750 Genitor
505 697 540 749 de
558 700 638 764 parte
657 713 754 750 serena
933 710 968 749 see

120 771 244 824 Intonuit
262 771 368 824 laevum
377 792 384 835 ;
408 775 487 824 sonat
504 789 559 825 una
576 772 669 826 fatifer
686 789 772 827 arcus.

121 847 223 915 Effugit
240 846 408 900 horrendum
427 849 547 901 stridens
565 848 685 902 adducta
703 849 812 918 sagitta,

120 923 227 992 Perque
246 927 328 991 caput
347 922 455 976 Remuli
473 924 549 978 venit
567 928 596 978 et
613 941 680 978 cava
697 929 821 994 tempera
837 925 911 980 ferro

119 999 238 1053 Traiicit.
275 1000 296 1066 I,
316 999 406 1052 verbis
424 1000 555 1054 virtutem
573 1001 667 1054 inlude
685 1001 824 1071 superbis!

122 1075 166 1129 Bis
178 1076 251 1144 capti
266 1075 388 1143 Phryges
400 1075 467 1129 haec
480 1075 590 1130 Rutulis
601 1093 731 1146 responsa
746 1078 899 1133 remittunt
932 1093 968 1133 eas

120 1152 180 1206 Hoc
197 1157 304 1206 tantum
324 1152 474 1217 Ascanius;
495 1153 591 1206 'leucri
608 1154 726 1208 clamere
744 1159 895 1222 sequuntur

118 1228 292 1296 Laetitiaque
308 1228 431 1282 fremunt
448 1229 607 1298 animosque
625 1229 660 1282 ad
679 1231 770 1284 sidera
787 1231 894 1285 tollunt

119 1305 252 1358 Aetheria
269 1308 329 1358 tum
347 1305 419 1358 forte
437 1305 518 1373 plaga
534 1306 649 1360 crinitus
669 1307 768 1374 Apelle

119 1380 244 1450 Desuper
262 1382 399 1434 Ausonias
416 1381 489 1434 acies
506 1381 658 1450 urbemque
676 1383 794 1451 videbat,

119 1456 200 1510 Nube
218 1457 324 1524 sedens,
344 1460 427 1525 atque
446 1457 489 1510 his
508 1458 639 1512 rictorem
659 1459 771 1514 adfatur
792 1460 895 1514 lulum:
931 1475 967 1514 ese

118 1533 210 1588 Macte
228 1550 298 1587 nova
315 1533 425 1602 uirtute,
445 1551 528 1602 puer;
553 1535 591 1589 sic
608 1536 665 1590 itur
683 1537 718 1590 ad
737 1541 819 1604 astra,

119 1610 168 1663 Dis
185 1611 280 1679 genite
299 1614 329 1664 et
344 1611 470 1679 geniture
489 1612 562 1666 dees.
599 1613 664 1667 lure
683 1615 773 1667 omnia
792 1613 864 1668 bella

118 1687 207 1742 (iente
225 1687 276 1741 sub
297 1687 425 1741 Assaraci
442 1688 499 1741 fate
517 1693 633 1743 ventura
652 1691 788 1754 resident;

118 1764 223 1818 Necte
242 1765 322 1818 Troia
339 1764 420 1832 capit.
456 1764 542 1818 Sinrul
560 1765 627 1818 haec
645 1765 743 1822 effatus
760 1766 796 1819 ab
814 1769 871 1818 alte

120 1840 243 1894 Aethere
261 1857 291 1893 se
310 1841 404 1906 mittit,
423 1841 552 1908 spirantis
571 1841 692 1895 dimovet
710 1857 797 1907 auras,
931 1856 968 1896 ess

119 1917 322 1984 Ascaniumque
340 1915 418 1984 petit.
456 1915 583 1968 Formam
602 1921 661 1969 tum
680 1917 798 1970 uertitur
816 1918 872 1970 eris

119 1991 274 2061 Antiquam
291 1991 319 2043 in
338 1991 439 2045 Buten.
477 1991 531 2044 Hic
549 1991 689 2046 Dardanio
708 1993 846 2047 Anchisae

121 2068 249 2135 Armiger
267 2070 331 2120 ante
349 2066 402 2120 fuit
420 2067 547 2136 fidusque
565 2067 601 2120 ad
619 2068 713 2122 limina
731 2073 837 2134 custes;

119 2143 186 2197 'l'um
205 2143 331 2197 comitem
355 2143 470 2196 Ascanio
487 2151 566 2212 pater
584 2143 700 2199 addidit.
738 2145 802 2200 lbet
820 2145 921 2215 Apollo

119 2219 218 2275 Omnia
234 2219 364 2287 longaeve
384 2219 486 2286 similis,
505 2237 654 2289 vocemque
671 2221 845 2290 celeremque
930 2235 967 2276 ese

120 2299 156 2350 llt
173 2295 255 2349 crinis
273 2295 349 2350 albos
367 2299 396 2348 et
414 2312 494 2350 saeva
511 2296 653 2350 sonoribus
670 2314 752 2365 erma,

120 2375 214 2440 Atque
231 2371 274 2425 his
291 2371 434 2426 ardentem
452 2371 534 2425 dictis
551 2372 662 2426 adfatur
683 2374 785 2427 lulum:

120 2450 162 2502 sit
179 2448 253 2515 satis,
273 2448 389 2514 Aenide,
407 2448 471 2500 telis
488 2448 590 2516 inpune
608 2448 764 2502 Numanum

120 2526 275 2596 Oppetiisse
293 2525 364 2589 tuis;
387 2526 502 2593 primam
520 2525 589 2579 hane
607 2525 659 2580 tibi
677 2543 792 2594 magnus
812 2527 910 2596 Apollo

121 2602 253 2657 Concedit
271 2600 389 2668 laudem,
408 2607 437 2655 ct
455 2601 566 2670 paribus
583 2619 636 2655 non
654 2603 759 2656 invidet
777 2605 874 2669 armis;
932 2619 968 2657 aaa

120 2681 220 2732 Cetera
239 2693 326 2746 parce,
345 2694 421 2745 puer,
440 2677 519 2732 bello.
555 2679 599 2732 Sic
617 2695 695 2732 orsus
715 2679 814 2747 Apelle

120 2754 245 2808 Mortalis
263 2753 354 2808 medio
372 2759 498 2823 aspectus
516 2772 640 2809 semmae
658 2755 778 2824 reliquit,

121 2832 157 2885 Et
174 2832 269 2900 procul
287 2830 315 2882 in
333 2833 445 2883 tenuem
464 2846 497 2884 ex
516 2831 600 2884 oculis
618 2833 729 2886 evanuit
747 2849 848 2887 auram.

124 2907 287 2975 Adgnevere
305 2905 388 2960 deum
406 2923 533 2975 proceres
551 2907 698 2977 divinaque
716 2909 774 2963 tela

124 2983 303 3051 Dardanidae,
323 2983 534 3053 pharetramque
551 2984 617 3053 fuga
634 3001 745 3039 sensere
763 2989 912 3039 sonantem.
933 2999 968 3037 aee

122 3061 195 3129 Ilrge
214 3061 323 3115 avidum
343 3078 450 3130 pugnae
469 3061 549 3115 dictis
567 3079 598 3115 ae
616 3062 726 3115 numine
747 3060 849 3115 Phoebi

125 3137 272 3192 Ascanium
291 3137 451 3207 prohibent;
475 3138 526 3207 ipsi
545 3138 574 3191 in
592 3139 742 3191 certamina
760 3154 854 3190 rursus

123 3213 286 3283 Succedunt,
305 3215 462 3284 animaeque
478 3215 506 3268 in
524 3219 620 3283 aperta
637 3213 757 3282 pericula
775 3213 897 3267 mittunt.
