2268 3570
389 514 418 561 P.
438 513 588 562 VERGILI
605 511 769 560 MARONIS

347 687 808 767 AENEIDOS

421 895 538 948 LIBER
556 892 732 946 DECIMUS.

524 1059 624 1085 —0-

155 1175 304 1230 Psrnrrun
321 1177 426 1230 interea
445 1177 542 1231 domus
559 1176 755 1245 omnipotentis
773 1174 889 1244 Olympi,

155 1251 359 1322 Conciliumque
377 1257 456 1307 vocat
474 1252 565 1307 divom
583 1257 664 1322 pater
681 1256 765 1322 atque
783 1251 922 1304 hominum
940 1264 988 1302 rex

154 1327 295 1382 Sideream
313 1329 340 1382 in
360 1329 462 1396 sedem,
480 1334 570 1384 terras
587 1329 661 1383 unde
679 1329 781 1382 arduus
798 1327 886 1380 omnis

154 1405 306 1474 Castraque
325 1405 513 1459 Dardanidum
531 1404 675 1474 adspectat
691 1405 862 1474 populosque
880 1401 998 1455 Latinos

154 1481 305 1535 Considunt
322 1483 403 1535 tectis
423 1482 629 1550 bipatentibus;
646 1482 741 1550 incipit
759 1481 833 1550 ipse:
989 1494 998 1530 ε
1049 1487 1051 1490 “

154 1555 303 1611 Caelicolae
320 1558 419 1625 magni,
438 1575 564 1626 quianam
583 1559 720 1611 sententia
737 1556 813 1609 robis

153 1633 242 1686 Versa
260 1637 342 1700 retro,
360 1638 521 1702 tantumque
539 1635 636 1686 animis
654 1635 766 1688 certatis
783 1632 902 1699 iniquisi

154 1709 312 1763 Abnueram
331 1709 403 1762 bello
422 1710 529 1763 ltaliam
548 1726 711 1765 concurrere
730 1708 847 1761 Teucria

153 1785 229 1848 Quae
247 1789 343 1839 contra
360 1786 477 1838 vetitum
497 1785 650 1839 discordia?
669 1788 730 1853 quis
747 1787 837 1837 metus
856 1787 903 1836 ant
921 1783 971 1836 hos

153 1863 213 1915 Aut
230 1862 279 1914 hos
297 1879 373 1914 arma
391 1862 467 1930 sequi
486 1863 643 1929 ferrumque
660 1862 793 1914 lacessere
812 1859 917 1913 suasitl
976 1875 1000 1912 ro

153 1938 291 1992 Adveniet
308 1939 410 1993 iustum
427 1956 543 2008 pugnae,
561 1957 595 1992 ne
614 1941 751 2004 arcessite,
769 1941 886 2006 tempus,

153 2014 221 2068 Cum
239 2015 298 2068 iera
317 2015 459 2084 Karthago
478 2015 607 2070 Romanis
626 2015 733 2069 arcibus
751 2014 814 2067 olim

99 2127 102 2134 .
153 2091 274 2145 Exitium
293 2108 421 2158 magnum
440 2095 523 2159 atque
542 2092 629 2160 Alpes
646 2091 767 2144 inmittet
786 2094 896 2158 apertas
907 2097 918 2143 :⁵

153 2166 222 2219 'l'um
239 2170 345 2220 certare
364 2167 441 2233 odiis,
459 2171 519 2220 tum
538 2183 582 2219 res
600 2168 724 2235 rapuisse
741 2165 842 2220 licebit.

152 2242 233 2296 Nunc
251 2241 339 2308 sinite,
359 2246 387 2296 et
405 2242 534 2311 placitum
552 2242 617 2296 laeti
636 2242 780 2310 conponite
798 2242 904 2296 foedus.
977 2257 999 2296 m

188 2317 315 2388 Iuppiter
332 2318 399 2372 haee
416 2318 526 2387 paucis;
544 2321 574 2372 at
591 2334 644 2371 non
663 2318 758 2371 Venus
776 2335 858 2371 aurea
876 2323 970 2372 eontra

154 2394 244 2448 Pauca
261 2395 364 2448 refert:

153 2469 176 2523 Ο
196 2471 287 2538 Pater,
305 2488 321 2523 o
339 2471 478 2524 hominum
497 2487 643 2538 rerumque
662 2474 774 2525 aeterna
791 2475 927 2540 potestas!

153 2547 279 2615 Namque
297 2547 372 2600 aliud
390 2547 457 2615 quid
475 2547 519 2614 sit,
538 2547 612 2617 quod
630 2548 684 2600 iam
699 2547 835 2616 inplorare
850 2564 980 2614 queamus

154 2623 257 2688 Cernis,
275 2627 307 2676 ut
324 2624 456 2677 insultent
475 2623 579 2688 Rutuli,
597 2623 759 2692 Turnusque
777 2624 882 2677 foratur
978 2645 980 2654 ·

155 2701 208 2752 Per
225 2699 330 2752 medios
347 2700 460 2768 insignis
478 2701 556 2768 equis
575 2700 752 2769 tumidusque
771 2700 889 2753 seeundo

154 2775 245 2828 Marte
264 2777 347 2829 ruatl
366 2776 392 2828 N
394 2793 428 2828 on
446 2775 537 2828 clausa
554 2779 654 2843 tegunt
672 2776 726 2828 iam
744 2777 852 2828 moenia
867 2777 929 2829 Teu.

155 2850 226 2915 Quin
244 2851 317 2903 intra
334 2855 426 2919 portas
437 2856 527 2918 ,atque
544 2852 610 2919 ipsis
628 2852 731 2920 proelia
749 2852 863 2904 miscent

155 2926 312 2994 Aggeribus
329 2943 476 2992 murorum,
496 2931 525 2980 et
542 2928 677 2981 inundant
696 2928 828 2994 sauguine
845 2927 942 2981 fossae.

156 3005 264 3056 Aeneas
282 3001 392 3070 ignarus
410 3002 495 3056 abest
533 3003 724 3071 Numquamne
743 3003 827 3056 levari
978 3019 1001 3058 re

156 3077 306 3132 Obsidione
324 3080 416 3132 siuesl
435 3079 520 3132 muris
537 3080 637 3132 iterum
656 3080 780 3133 irmuinet
798 3079 884 3134 hostis

155 3155 299 3210 Nascentis
318 3155 421 3222 Troiae,
439 3172 489 3208 nec
507 3172 561 3208 non
580 3156 716 3209 exercitus
734 3156 821 3219 alter;

156 3233 251 3300 Atque
269 3233 369 3288 iterum
389 3233 416 3286 in
435 3232 554 3286 Teucros
572 3232 679 3286 Aetolis
697 3231 786 3299 surgit
803 3231 838 3285 ab
857 3232 942 3301 Arpis
