2290 3568
431 171 612 220 AENEIDOS
630 173 700 223 LIB.
719 171 783 221 VII.
984 167 1031 216 223

177 248 300 304 Terribili
319 249 448 317 inpexam
466 253 549 317 saeta,
568 267 630 304 eum
649 251 777 306 dentibus
795 250 864 306 albis

178 324 296 378 indutus
314 325 405 393 capiti,
423 327 461 379 sic
479 327 554 394 regia
572 331 645 381 tecta
664 327 781 394 subibat,

179 400 322 464 Horridus,
343 402 531 470 Herculeoque
549 403 677 457 humeros
696 405 810 458 innexus
828 406 938 461 amictu.

214 477 281 530 Turn
299 478 398 544 gemini
418 478 516 532 fratres
535 479 660 534 Tiburtia
678 482 783 535 moenia
801 482 935 550 linquunt,
993 495 1030 537 ero

179 554 285 606 Fratris
302 553 409 608 'liburni
427 555 528 609 dictam
546 557 704 625 cognomino
722 562 840 626 gentem,

178 630 348 700 Catillusque
366 649 482 702 acerque
501 634 592 700 Coras,
613 634 717 702 Argira
734 635 868 703 iuventus,

179 707 214 760 lit
232 708 348 775 primam
366 714 429 762 ante
447 710 532 763 aciem
551 710 636 763 densa
653 711 726 764 inter
744 711 801 764 tela
818 711 956 766 feruntur:

179 783 236 836 Ocu
254 783 309 837 dno
326 785 478 853 nubigenae
496 803 557 840 cum
576 787 678 840 vertice
696 788 795 840 montis
813 787 848 840 ab
866 788 922 842 alto

179 859 355 915 Descendunt
369 862 506 930 Centauri,
521 863 656 916 Homolen
671 863 841 932 Othrquue
852 863 969 918 nivalem
995 875 1032 916 ors

179 935 347 1006 Linquentes
365 955 446 991 eursu
464 939 573 1007 rapido;
592 939 641 992 dat
659 939 786 992 cuntibus
804 940 900 1008 iugens

179 1013 253 1066 Silva
270 1013 366 1080 locum,
384 1019 413 1068 et
431 1031 529 1082 magno
546 1015 648 1068 cedunt
666 1016 784 1083 virgulta
801 1016 917 1084 fragore.

213 1089 239 1142 N
242 1106 272 1144 eo
292 1089 486 1144 Praenestinae
502 1091 632 1144 fundator
650 1091 738 1146 deluit
755 1091 838 1159 urbis,

180 1164 300 1219 Volcano
316 1167 440 1234 genitum
458 1184 557 1236 pecora
574 1168 647 1222 inter
664 1168 784 1236 agrestia
801 1185 894 1237 regem

181 1242 381 1312 inventumque
398 1244 464 1298 iocis
482 1246 568 1298 omnis
586 1262 668 1313 quem
686 1245 803 1301 credidit
821 1249 905 1312 aetas,
997 1257 1033 1298 oso

179 1319 318 1373 Caeculus.
357 1321 438 1375 Hunc
456 1321 528 1390 legio
545 1322 602 1376 late
620 1323 767 1376 comitatur
784 1323 909 1391 agrestis,

179 1395 288 1466 Quique
305 1397 391 1451 altum
410 1398 557 1453 Praeneste
576 1399 633 1465 riri,
652 1400 755 1469 quiquo
773 1416 839 1454 arva
857 1398 980 1453 Gabinae

181 1473 293 1526 lunonis
310 1474 487 1544 gelidumque
508 1477 642 1530 Anienem
660 1480 690 1530 et
708 1477 814 1530 roscida
832 1477 896 1530 rivis

183 1549 303 1602 Hernica
320 1567 386 1604 saxa
403 1551 501 1617 colunt,
521 1569 589 1618 quos
608 1552 684 1606 dives
704 1553 831 1620 Anagnia
847 1552 943 1620 pascit,

180 1625 262 1691 Quos,
282 1629 418 1680 Amasene
436 1631 521 1695 pater.
558 1629 619 1680 Non
637 1629 690 1681 illis
709 1629 833 1682 omnibus
851 1645 934 1696 arma,
995 1643 1033 1682 oss

181 1701 206 1754 N
209 1718 239 1754 ec
257 1701 337 1770 clipei
356 1719 484 1756 currusve
502 1708 614 1769 sonant3
633 1721 697 1772 pars
715 1721 842 1757 maxuma
859 1704 974 1772 glandes

182 1777 304 1832 Lircntis
322 1779 427 1848 plumbi
446 1781 564 1848 spargit;
582 1797 645 1849 pars
663 1781 767 1849 spicula
784 1784 875 1848 gestat

182 1853 252 1908 Bina
269 1871 365 1920 mauu;
383 1857 523 1925 fulvosque
542 1857 598 1926 lupi
616 1857 652 1911 de
670 1857 742 1926 pello
760 1857 866 1925 galeros

181 1929 302 2000 ‘segmen
319 1932 423 1987 habent
440 1935 538 2002 capiti;
556 1935 670 2002 vestigia
688 1935 762 1988 nuda
780 1933 882 1987 sinistri

182 2009 331 2063 instituere
349 2009 441 2078 pedis;
456 2010 557 2064 crudus
576 2012 646 2079 tegit
663 2011 751 2064 altera
767 2027 840 2079 pero.
998 2023 1034 2064 oeo

217 2087 257 2138 At
276 2085 426 2154 Messapus,
445 2104 545 2154 equum
564 2087 690 2154 domitor,
710 2087 848 2154 Neptunia
866 2086 963 2154 proles,

182 2162 270 2226 Quem
288 2178 376 2229 neque
394 2162 435 2213 fas
453 2163 510 2229 igni
528 2163 655 2231 cuiquam
673 2179 723 2215 nce
742 2167 864 2215 sternere
882 2162 962 2230 ferro,

183 2239 242 2290 Iam
260 2238 367 2306 pridem
385 2238 490 2291 resides
508 2239 622 2307 populos
641 2239 811 2306 desuetaque
828 2237 901 2290 bello

183 2315 301 2380 Agmina
318 2314 345 2366 in
364 2330 440 2367 arma
457 2319 535 2368 vocat
552 2315 650 2382 subito,
667 2315 825 2382 ferrumque
843 2316 982 2368 retractat.

183 2390 221 2442 Hi
240 2390 420 2446 Fescenninas
438 2392 509 2446 acies
528 2392 696 2461 Aequosque
715 2389 840 2458 Faliscos,
997 2405 1034 2444 aas

183 2466 221 2520 Hi
240 2467 359 2521 Soractis
377 2468 479 2523 habent
496 2485 574 2524 arces
593 2467 769 2536 Flaviniaque
787 2483 859 2534 arra,

182 2542 218 2597 lit
237 2543 335 2597 Cimini
354 2561 415 2598 cum
433 2549 525 2600 monte
543 2547 631 2600 laeum
650 2545 780 2615 lucosque
799 2545 929 2614 Capenos.

183 2620 266 2676 Ibant
283 2622 392 2691 aequati
411 2639 531 2690 numero,
550 2639 697 2691 regemque
715 2622 861 2676 canebant:

183 2697 239 2749 Ceu
257 2699 393 2764 quondam
412 2700 483 2753 nivei
501 2700 604 2769 liquida
622 2701 694 2754 inter
712 2698 804 2752 nubila
822 2697 898 2766 cycni

183 2773 252 2824 Cum
270 2789 329 2826 seso
347 2791 363 2827 o
380 2781 460 2842 pastu
479 2777 602 2830 referunt
620 2779 649 2829 et
667 2776 746 2844 longa
766 2791 878 2828 canoros
999 2783 1034 2828 70⁰

184 2849 257 2977 {laist
275 2865 327 2976 perl
343 2850 411 2904 colla
428 2853 538 2918 urodos;
557 2857 635 2906 sonat
652 2853 739 2905 amnis
757 2855 786 2904 et
805 2850 872 2904 Asia
889 2849 969 2919 longo

198 2927 223 2976 ’a
236 2941 265 2977 sa
282 2941 318 2993 pa
329 2941 367 2978 ns.

185 3001 208 3054 N
212 3018 243 3054 oc
261 3002 405 3072 quisquam
422 3009 529 3059 aeratas
547 3005 618 3060 acics
636 3023 670 3060 ex
688 3005 796 3074 agmine
813 3007 892 3058 tanto

184 3078 295 3132 Misceri
313 3083 400 3147 putet,
419 3082 520 3134 aeriam
539 3081 588 3134 sed
606 3082 715 3148 gurgite
733 3080 768 3134 ab
786 3080 843 3134 alto

181 3155 210 3209 U
213 3155 303 3220 rguori
321 3155 460 3210 volucrum
478 3174 620 3213 raucarum
638 3157 674 3210 ad
691 3157 772 3211 litora
788 3155 895 3210 nubem.
998 3169 1034 3212 70⁶

218 3230 296 3300 Eece,
314 3230 474 3288 Sabinorum
492 3233 581 3304 prisco
599 3233 634 3287 do
652 3232 781 3301 sanguiue
799 3247 927 3300 maguum
