<?xml version="1.0" encoding="UTF-8"?>
<!DOCTYPE html PUBLIC "-//W3C//DTD XHTML 1.0 Transitional//EN"
    "http://www.w3.org/TR/xhtml1/DTD/xhtml1-transitional.dtd">
<html xmlns="http://www.w3.org/1999/xhtml" xml:lang="en" lang="en">
 <head>
  <title>
</title>
<meta http-equiv="Content-Type" content="text/html;charset=utf-8" />
  <meta name='ocr-system' content='tesseract 3.04.00' />
  <meta name='ocr-capabilities' content='ocr_page ocr_carea ocr_par ocr_line ocrx_word'/>
</head>
<body>
  <div class='ocr_page' id='page_1' title='image "./operaexrecensio01virggoog_0266.png"; bbox 0 0 2268 3570; ppageno 0'>
   <div class='ocr_carea' id='block_1_1' title="bbox 397 179 1001 234">
    <p class='ocr_par' dir='ltr' id='par_1_1' title="bbox 397 179 1001 234">
     <span class='ocr_line' id='line_1_1' title="bbox 397 179 1001 234; baseline 0.007 -6"><span class='ocrx_word' id='word_1_1' title='bbox 397 179 581 228; x_wconf 80' lang='lat' dir='ltr'><strong>AENEIDOS</strong></span> <span class='ocrx_word' id='word_1_2' title='bbox 599 180 664 227; x_wconf 88' lang='lat' dir='ltr'>LIB.</span> <span class='ocrx_word' id='word_1_3' title='bbox 685 179 735 229; x_wconf 89' lang='lat' dir='ltr'><strong>lX.</strong></span> <span class='ocrx_word' id='word_1_4' title='bbox 953 183 1001 234; x_wconf 77' lang='grc'><strong>’257</strong></span> 
     </span>
    </p>
   </div>
   <div class='ocr_carea' id='block_1_2' title="bbox 151 260 1004 3299">
    <p class='ocr_par' dir='ltr' id='par_1_2' title="bbox 153 260 1001 318">
     <span class='ocr_line' id='line_1_2' title="bbox 153 260 1001 318; baseline 0.001 -1"><span class='ocrx_word' id='word_1_5' title='bbox 153 261 311 317; x_wconf 74' lang='lat' dir='ltr'>Conclamat</span> <span class='ocrx_word' id='word_1_6' title='bbox 329 261 427 316; x_wconf 84' lang='lat' dir='ltr'><strong>Nisus:</strong></span> <span class='ocrx_word' id='word_1_7' title='bbox 451 277 501 314; x_wconf 90' lang='lat' dir='ltr'><strong>nec</strong></span> <span class='ocrx_word' id='word_1_8' title='bbox 520 277 549 314; x_wconf 88' lang='lat' dir='ltr'><strong>se</strong></span> <span class='ocrx_word' id='word_1_9' title='bbox 567 261 656 314; x_wconf 86' lang='lat' dir='ltr'><strong>celare</strong></span> <span class='ocrx_word' id='word_1_10' title='bbox 674 260 798 315; x_wconf 87' lang='lat' dir='ltr'><strong>tenebris</strong></span> <span class='ocrx_word' id='word_1_11' title='bbox 965 279 1001 318; x_wconf 74' lang='lat' dir='ltr'><strong>aas</strong></span> 
     </span>
    </p>

    <p class='ocr_par' dir='ltr' id='par_1_3' title="bbox 155 335 885 405">
     <span class='ocr_line' id='line_1_3' title="bbox 155 335 885 405; baseline 0.004 -16"><span class='ocrx_word' id='word_1_12' title='bbox 155 337 288 405; x_wconf 88' lang='lat' dir='ltr'><strong>Amplius,</strong></span> <span class='ocrx_word' id='word_1_13' title='bbox 307 339 356 390; x_wconf 88' lang='lat' dir='ltr'><strong>aut</strong></span> <span class='ocrx_word' id='word_1_14' title='bbox 373 339 481 390; x_wconf 86' lang='lat' dir='ltr'><strong>tantum</strong></span> <span class='ocrx_word' id='word_1_15' title='bbox 499 335 591 404; x_wconf 91' lang='lat' dir='ltr'><strong>potuit</strong></span> <span class='ocrx_word' id='word_1_16' title='bbox 609 337 732 405; x_wconf 79' lang='lat' dir='ltr'><strong>perferre</strong></span> <span class='ocrx_word' id='word_1_17' title='bbox 750 337 885 393; x_wconf 89' lang='lat' dir='ltr'><strong>dolorem:</strong></span> 
     </span>
    </p>

    <p class='ocr_par' dir='ltr' id='par_1_4' title="bbox 154 411 951 482">
     <span class='ocr_line' id='line_1_4' title="bbox 154 411 951 482; baseline 0.003 -17"><span class='ocrx_word' id='word_1_18' title='bbox 154 413 208 479; x_wconf 91' lang='lat' dir='ltr'><strong>Me,</strong></span> <span class='ocrx_word' id='word_1_19' title='bbox 227 429 278 478; x_wconf 89' lang='lat' dir='ltr'><strong>me,</strong></span> <span class='ocrx_word' id='word_1_20' title='bbox 296 412 401 479; x_wconf 83' lang='lat' dir='ltr'><strong>adsum,</strong></span> <span class='ocrx_word' id='word_1_21' title='bbox 420 412 467 480; x_wconf 93' lang='lat' dir='ltr'><strong>qni</strong></span> <span class='ocrx_word' id='word_1_22' title='bbox 486 411 546 479; x_wconf 85' lang='lat' dir='ltr'><strong>leci,</strong></span> <span class='ocrx_word' id='word_1_23' title='bbox 563 412 591 464; x_wconf 94' lang='lat' dir='ltr'><strong>in</strong></span> <span class='ocrx_word' id='word_1_24' title='bbox 609 429 653 465; x_wconf 93' lang='lat' dir='ltr'><strong>me</strong></span> <span class='ocrx_word' id='word_1_25' title='bbox 671 414 821 467; x_wconf 79' lang='lat' dir='ltr'><strong>convertite</strong></span> <span class='ocrx_word' id='word_1_26' title='bbox 840 415 951 482; x_wconf 78' lang='lat' dir='ltr'><strong>serrum,</strong></span> 
     </span>
    </p>

    <p class='ocr_par' dir='ltr' id='par_1_5' title="bbox 153 488 943 558">
     <span class='ocr_line' id='line_1_5' title="bbox 153 488 943 558; baseline 0.001 -16"><span class='ocrx_word' id='word_1_27' title='bbox 153 488 177 542; x_wconf 90' lang='grc' dir='ltr'>Ο</span> <span class='ocrx_word' id='word_1_28' title='bbox 197 488 307 542; x_wconf 81' lang='lat' dir='ltr'><strong>Rutuli!</strong></span> <span class='ocrx_word' id='word_1_29' title='bbox 333 505 395 541; x_wconf 89' lang='lat' dir='ltr'><strong>mea</strong></span> <span class='ocrx_word' id='word_1_30' title='bbox 412 488 487 540; x_wconf 87' lang='lat' dir='ltr'><strong>fraus</strong></span> <span class='ocrx_word' id='word_1_31' title='bbox 505 488 607 553; x_wconf 88' lang='lat' dir='ltr'><strong>omnis;</strong></span> <span class='ocrx_word' id='word_1_32' title='bbox 630 489 697 542; x_wconf 89' lang='lat' dir='ltr'><strong>nihil</strong></span> <span class='ocrx_word' id='word_1_33' title='bbox 716 489 768 543; x_wconf 89' lang='lat' dir='ltr'><strong>iste</strong></span> <span class='ocrx_word' id='word_1_34' title='bbox 786 507 836 543; x_wconf 88' lang='lat' dir='ltr'><strong>uec</strong></span> <span class='ocrx_word' id='word_1_35' title='bbox 854 507 943 558; x_wconf 89' lang='lat' dir='ltr'><strong>ausus,</strong></span> 
     </span>
    </p>

    <p class='ocr_par' dir='ltr' id='par_1_6' title="bbox 154 564 932 633">
     <span class='ocr_line' id='line_1_6' title="bbox 154 564 932 633; baseline 0.004 -16"><span class='ocrx_word' id='word_1_36' title='bbox 154 565 179 617; x_wconf 92' lang='lat' dir='ltr'>N</span> <span class='ocrx_word' id='word_1_37' title='bbox 181 582 213 618; x_wconf 87' lang='lat' dir='ltr'><strong>ec</strong></span> <span class='ocrx_word' id='word_1_38' title='bbox 229 565 335 633; x_wconf 90' lang='lat' dir='ltr'><strong>potuit;</strong></span> <span class='ocrx_word' id='word_1_39' title='bbox 359 564 463 618; x_wconf 87' lang='lat' dir='ltr'><strong>eaelum</strong></span> <span class='ocrx_word' id='word_1_40' title='bbox 481 564 533 632; x_wconf 82' lang='lat' dir='ltr'><strong>heo</strong></span> <span class='ocrx_word' id='word_1_41' title='bbox 551 567 580 617; x_wconf 88' lang='lat' dir='ltr'><strong>et</strong></span> <span class='ocrx_word' id='word_1_42' title='bbox 598 565 704 618; x_wconf 88' lang='lat' dir='ltr'><strong>conseia</strong></span> <span class='ocrx_word' id='word_1_43' title='bbox 721 565 812 619; x_wconf 91' lang='lat' dir='ltr'><strong>sidera</strong></span> <span class='ocrx_word' id='word_1_44' title='bbox 830 570 932 632; x_wconf 73' lang='lat' dir='ltr'><strong>testor,</strong></span> 
     </span>
    </p>

    <p class='ocr_par' dir='ltr' id='par_1_7' title="bbox 153 640 1002 696">
     <span class='ocr_line' id='line_1_7' title="bbox 153 640 1002 696; baseline 0.002 -2"><span class='ocrx_word' id='word_1_45' title='bbox 153 641 270 694; x_wconf 71' lang='lat' dir='ltr'><strong>rantum</strong></span> <span class='ocrx_word' id='word_1_46' title='bbox 288 640 424 695; x_wconf 82' lang='lat' dir='ltr'><strong>infelicem</strong></span> <span class='ocrx_word' id='word_1_47' title='bbox 442 641 556 693; x_wconf 91' lang='lat' dir='ltr'><strong>nimium</strong></span> <span class='ocrx_word' id='word_1_48' title='bbox 575 640 674 694; x_wconf 84' lang='lat' dir='ltr'><strong>dilexit</strong></span> <span class='ocrx_word' id='word_1_49' title='bbox 692 643 815 695; x_wconf 89' lang='lat' dir='ltr'><strong>amicum.</strong></span> <span class='ocrx_word' id='word_1_50' title='bbox 966 658 1002 696; x_wconf 73' lang='lat' dir='ltr'><strong>sao</strong></span> 
     </span>
    </p>

    <p class='ocr_par' dir='ltr' id='par_1_8' title="bbox 153 716 857 781">
     <span class='ocr_line' id='line_1_8' title="bbox 153 716 857 781; baseline 0.006 -12"><span class='ocrx_word' id='word_1_51' title='bbox 153 717 228 770; x_wconf 77' lang='lat' dir='ltr'><strong>‘l’alia</strong></span> <span class='ocrx_word' id='word_1_52' title='bbox 246 716 320 770; x_wconf 87' lang='lat' dir='ltr'><strong>dicta</strong></span> <span class='ocrx_word' id='word_1_53' title='bbox 338 717 438 781; x_wconf 89' lang='lat' dir='ltr'><strong>dabat;</strong></span> <span class='ocrx_word' id='word_1_54' title='bbox 462 717 512 770; x_wconf 90' lang='lat' dir='ltr'><strong>sed</strong></span> <span class='ocrx_word' id='word_1_55' title='bbox 530 716 634 770; x_wconf 89' lang='lat' dir='ltr'><strong>viribus</strong></span> <span class='ocrx_word' id='word_1_56' title='bbox 652 717 725 770; x_wconf 89' lang='lat' dir='ltr'><strong>ensis</strong></span> <span class='ocrx_word' id='word_1_57' title='bbox 742 719 857 773; x_wconf 88' lang='lat' dir='ltr'><strong>aductus</strong></span> 
     </span>
    </p>

    <p class='ocr_par' dir='ltr' id='par_1_9' title="bbox 153 792 852 863">
     <span class='ocr_line' id='line_1_9' title="bbox 153 792 852 863; baseline 0.006 -18"><span class='ocrx_word' id='word_1_58' title='bbox 153 792 308 846; x_wconf 81' lang='lat' dir='ltr'><strong>Transabiit</strong></span> <span class='ocrx_word' id='word_1_59' title='bbox 325 797 414 845; x_wconf 89' lang='lat' dir='ltr'><strong>costas</strong></span> <span class='ocrx_word' id='word_1_60' title='bbox 432 796 462 846; x_wconf 89' lang='lat' dir='ltr'><strong>et</strong></span> <span class='ocrx_word' id='word_1_61' title='bbox 479 792 595 846; x_wconf 89' lang='lat' dir='ltr'><strong>candida</strong></span> <span class='ocrx_word' id='word_1_62' title='bbox 612 797 724 860; x_wconf 87' lang='lat' dir='ltr'><strong>pectora</strong></span> <span class='ocrx_word' id='word_1_63' title='bbox 741 796 852 863; x_wconf 78' lang='lat' dir='ltr'><strong>rumpit.</strong></span> 
     </span>
    </p>

    <p class='ocr_par' dir='ltr' id='par_1_10' title="bbox 157 868 875 938">
     <span class='ocr_line' id='line_1_10' title="bbox 157 868 875 938; baseline 0.006 -17"><span class='ocrx_word' id='word_1_64' title='bbox 157 869 281 921; x_wconf 84' lang='lat' dir='ltr'><strong>Volvitur</strong></span> <span class='ocrx_word' id='word_1_65' title='bbox 300 869 432 935; x_wconf 76' lang='lat' dir='ltr'><strong>Euryalus</strong></span> <span class='ocrx_word' id='word_1_66' title='bbox 450 869 513 934; x_wconf 87' lang='lat' dir='ltr'><strong>lete,</strong></span> <span class='ocrx_word' id='word_1_67' title='bbox 532 868 714 937; x_wconf 89' lang='lat' dir='ltr'><strong>pulchrosque</strong></span> <span class='ocrx_word' id='word_1_68' title='bbox 731 887 782 938; x_wconf 91' lang='lat' dir='ltr'><strong>per</strong></span> <span class='ocrx_word' id='word_1_69' title='bbox 799 875 875 925; x_wconf 91' lang='lat' dir='ltr'><strong>artus</strong></span> 
     </span>
    </p>

    <p class='ocr_par' dir='ltr' id='par_1_11' title="bbox 154 943 950 1014">
     <span class='ocr_line' id='line_1_11' title="bbox 154 943 950 1014; baseline 0.004 -16"><span class='ocrx_word' id='word_1_70' title='bbox 154 945 284 1009; x_wconf 85' lang='lat' dir='ltr'><strong>Iterum,</strong></span> <span class='ocrx_word' id='word_1_71' title='bbox 304 945 386 1011; x_wconf 89' lang='lat' dir='ltr'><strong>inque</strong></span> <span class='ocrx_word' id='word_1_72' title='bbox 404 943 531 997; x_wconf 86' lang='lat' dir='ltr'><strong>humeros</strong></span> <span class='ocrx_word' id='word_1_73' title='bbox 548 945 640 998; x_wconf 86' lang='lat' dir='ltr'><strong>cervix</strong></span> <span class='ocrx_word' id='word_1_74' title='bbox 658 945 785 1014; x_wconf 78' lang='lat' dir='ltr'><strong>conlapsa</strong></span> <span class='ocrx_word' id='word_1_75' title='bbox 802 947 950 1002; x_wconf 86' lang='lat' dir='ltr'><strong>recumbit:</strong></span> 
     </span>
    </p>

    <p class='ocr_par' dir='ltr' id='par_1_12' title="bbox 153 1019 1002 1089">
     <span class='ocr_line' id='line_1_12' title="bbox 153 1019 1002 1089; baseline 0.002 -15"><span class='ocrx_word' id='word_1_76' title='bbox 153 1021 310 1089; x_wconf 86' lang='lat' dir='ltr'><strong>Purpureus</strong></span> <span class='ocrx_word' id='word_1_77' title='bbox 330 1019 414 1073; x_wconf 87' lang='lat' dir='ltr'><strong>veluti</strong></span> <span class='ocrx_word' id='word_1_78' title='bbox 432 1035 494 1073; x_wconf 90' lang='lat' dir='ltr'><strong>eum</strong></span> <span class='ocrx_word' id='word_1_79' title='bbox 512 1019 562 1073; x_wconf 86' lang='lat' dir='ltr'><strong>flos</strong></span> <span class='ocrx_word' id='word_1_80' title='bbox 580 1020 699 1074; x_wconf 90' lang='lat' dir='ltr'><strong>succisus</strong></span> <span class='ocrx_word' id='word_1_81' title='bbox 717 1025 810 1075; x_wconf 88' lang='lat' dir='ltr'><strong>aratro</strong></span> <span class='ocrx_word' id='word_1_82' title='bbox 966 1039 1002 1076; x_wconf 71' lang='lat' dir='ltr'><strong>aas</strong></span> 
     </span>
    </p>

    <p class='ocr_par' dir='ltr' id='par_1_13' title="bbox 153 1095 823 1165">
     <span class='ocr_line' id='line_1_13' title="bbox 153 1095 823 1165; baseline 0.001 -15"><span class='ocrx_word' id='word_1_83' title='bbox 153 1096 321 1164; x_wconf 69' lang='lat' dir='ltr'><strong>Languescit.</strong></span> <span class='ocrx_word' id='word_1_84' title='bbox 336 1095 459 1160; x_wconf 76' lang='lat' dir='ltr'><strong>morlens,</strong></span> <span class='ocrx_word' id='word_1_85' title='bbox 477 1095 582 1149; x_wconf 81' lang='lat' dir='ltr'><strong>lassove</strong></span> <span class='ocrx_word' id='word_1_86' title='bbox 600 1112 737 1165; x_wconf 89' lang='lat' dir='ltr'><strong>papavera</strong></span> <span class='ocrx_word' id='word_1_87' title='bbox 755 1097 823 1151; x_wconf 83' lang='lat' dir='ltr'><strong>eollo</strong></span> 
     </span>
    </p>

    <p class='ocr_par' dir='ltr' id='par_1_14' title="bbox 152 1172 854 1240">
     <span class='ocr_line' id='line_1_14' title="bbox 152 1172 854 1240; baseline 0.003 -14"><span class='ocrx_word' id='word_1_88' title='bbox 152 1173 295 1226; x_wconf 85' lang='lat' dir='ltr'><strong>Demisere</strong></span> <span class='ocrx_word' id='word_1_89' title='bbox 314 1175 403 1240; x_wconf 90' lang='lat' dir='ltr'><strong>caput,</strong></span> <span class='ocrx_word' id='word_1_90' title='bbox 422 1172 514 1240; x_wconf 92' lang='lat' dir='ltr'><strong>pluvia</strong></span> <span class='ocrx_word' id='word_1_91' title='bbox 531 1189 593 1225; x_wconf 92' lang='lat' dir='ltr'><strong>cum</strong></span> <span class='ocrx_word' id='word_1_92' title='bbox 611 1173 682 1225; x_wconf 87' lang='lat' dir='ltr'><strong>forte</strong></span> <span class='ocrx_word' id='word_1_93' title='bbox 700 1179 854 1240; x_wconf 76' lang='lat' dir='ltr'><strong>gravantur.</strong></span> 
     </span>
    </p>

    <p class='ocr_par' dir='ltr' id='par_1_15' title="bbox 153 1247 879 1318">
     <span class='ocr_line' id='line_1_15' title="bbox 153 1247 879 1318; baseline 0.003 -16"><span class='ocrx_word' id='word_1_94' title='bbox 153 1252 194 1303; x_wconf 86' lang='lat' dir='ltr'><strong>At</strong></span> <span class='ocrx_word' id='word_1_95' title='bbox 212 1247 295 1302; x_wconf 86' lang='lat' dir='ltr'><strong>Nis&#39;us</strong></span> <span class='ocrx_word' id='word_1_96' title='bbox 313 1249 370 1302; x_wconf 88' lang='lat' dir='ltr'><strong>ruit</strong></span> <span class='ocrx_word' id='word_1_97' title='bbox 388 1247 416 1300; x_wconf 91' lang='lat' dir='ltr'><strong>in</strong></span> <span class='ocrx_word' id='word_1_98' title='bbox 434 1248 546 1315; x_wconf 90' lang='lat' dir='ltr'><strong>medios,</strong></span> <span class='ocrx_word' id='word_1_99' title='bbox 565 1249 706 1317; x_wconf 87' lang='lat' dir='ltr'><strong>solumque</strong></span> <span class='ocrx_word' id='word_1_100' title='bbox 724 1267 774 1318; x_wconf 89' lang='lat' dir='ltr'><strong>per</strong></span> <span class='ocrx_word' id='word_1_101' title='bbox 792 1253 879 1304; x_wconf 91' lang='lat' dir='ltr'><strong>omnis</strong></span> 
     </span>
    </p>

    <p class='ocr_par' dir='ltr' id='par_1_16' title="bbox 152 1324 873 1393">
     <span class='ocr_line' id='line_1_16' title="bbox 152 1324 873 1393; baseline 0.006 -16"><span class='ocrx_word' id='word_1_102' title='bbox 152 1324 327 1380; x_wconf 89' lang='lat' dir='ltr'><strong>Volscentem</strong></span> <span class='ocrx_word' id='word_1_103' title='bbox 346 1325 432 1393; x_wconf 89' lang='lat' dir='ltr'><strong>petit;</strong></span> <span class='ocrx_word' id='word_1_104' title='bbox 455 1330 483 1378; x_wconf 93' lang='lat' dir='ltr'><strong>in</strong></span> <span class='ocrx_word' id='word_1_105' title='bbox 502 1325 559 1378; x_wconf 89' lang='lat' dir='ltr'><strong>selo</strong></span> <span class='ocrx_word' id='word_1_106' title='bbox 580 1324 603 1376; x_wconf 84' lang='lat' dir='ltr'>V</span> <span class='ocrx_word' id='word_1_107' title='bbox 606 1325 726 1379; x_wconf 87' lang='lat' dir='ltr'><strong>olscentc</strong></span> <span class='ocrx_word' id='word_1_108' title='bbox 744 1331 873 1381; x_wconf 89' lang='lat' dir='ltr'><strong>moratur.</strong></span> 
     </span>
    </p>

    <p class='ocr_par' dir='ltr' id='par_1_17' title="bbox 153 1401 1003 1534">
     <span class='ocr_line' id='line_1_17' title="bbox 153 1401 1003 1474; baseline 0.005 -19"><span class='ocrx_word' id='word_1_109' title='bbox 153 1401 240 1467; x_wconf 85' lang='lat' dir='ltr'><strong>Quem</strong></span> <span class='ocrx_word' id='word_1_110' title='bbox 264 1402 364 1456; x_wconf 89' lang='lat' dir='ltr'><strong>circum</strong></span> <span class='ocrx_word' id='word_1_111' title='bbox 388 1401 532 1470; x_wconf 85' lang='lat' dir='ltr'><strong>glomerati</strong></span> <span class='ocrx_word' id='word_1_112' title='bbox 557 1401 649 1454; x_wconf 88' lang='lat' dir='ltr'><strong>hostes</strong></span> <span class='ocrx_word' id='word_1_113' title='bbox 672 1401 733 1455; x_wconf 89' lang='lat' dir='ltr'><strong>hinc</strong></span> <span class='ocrx_word' id='word_1_114' title='bbox 750 1405 901 1458; x_wconf 91' lang='lat' dir='ltr'><strong>comminus</strong></span> <span class='ocrx_word' id='word_1_115' title='bbox 919 1413 1003 1474; x_wconf 85' lang='lat' dir='ltr'><strong>atque</strong></span> 
     </span>
     <span class='ocr_line' id='line_1_18' title="bbox 221 1478 1003 1534; baseline 0.005 -4"><span class='ocrx_word' id='word_1_116' title='bbox 221 1478 284 1531; x_wconf 92' lang='lat' dir='ltr'><strong>hinc</strong></span> <span class='ocrx_word' id='word_1_117' title='bbox 967 1496 1003 1534; x_wconf 72' lang='lat' dir='ltr'><strong>sle</strong></span> 
     </span>
    </p>

    <p class='ocr_par' dir='ltr' id='par_1_18' title="bbox 154 1552 891 1623">
     <span class='ocr_line' id='line_1_19' title="bbox 154 1552 891 1623; baseline 0.001 -17"><span class='ocrx_word' id='word_1_118' title='bbox 154 1552 328 1607; x_wconf 84' lang='lat' dir='ltr'><strong>Proturbant</strong></span> <span class='ocrx_word' id='word_1_119' title='bbox 368 1553 458 1606; x_wconf 80' lang='lat' dir='ltr'><strong>instat</strong></span> <span class='ocrx_word' id='word_1_120' title='bbox 476 1569 529 1604; x_wconf 92' lang='lat' dir='ltr'><strong>non</strong></span> <span class='ocrx_word' id='word_1_121' title='bbox 548 1552 640 1616; x_wconf 87' lang='lat' dir='ltr'><strong>setius,</strong></span> <span class='ocrx_word' id='word_1_122' title='bbox 659 1569 690 1605; x_wconf 89' lang='lat' dir='ltr'><strong>ac</strong></span> <span class='ocrx_word' id='word_1_123' title='bbox 708 1556 783 1623; x_wconf 78' lang='lat' dir='ltr'><strong>rotat</strong></span> <span class='ocrx_word' id='word_1_124' title='bbox 799 1569 891 1608; x_wconf 88' lang='lat' dir='ltr'><strong>ensem</strong></span> 
     </span>
    </p>

    <p class='ocr_par' dir='ltr' id='par_1_19' title="bbox 154 1627 830 1695">
     <span class='ocr_line' id='line_1_20' title="bbox 154 1627 830 1695; baseline -0.001 -13"><span class='ocrx_word' id='word_1_125' title='bbox 154 1629 335 1695; x_wconf 76' lang='lat' dir='ltr'><strong>Fulmineum,</strong></span> <span class='ocrx_word' id='word_1_126' title='bbox 354 1627 441 1680; x_wconf 87' lang='lat' dir='ltr'><strong>donec</strong></span> <span class='ocrx_word' id='word_1_127' title='bbox 462 1627 556 1680; x_wconf 82' lang='lat' dir='ltr'><strong>&#39;ltutuli</strong></span> <span class='ocrx_word' id='word_1_128' title='bbox 576 1627 719 1680; x_wconf 89' lang='lat' dir='ltr'><strong>clamantis</strong></span> <span class='ocrx_word' id='word_1_129' title='bbox 737 1629 764 1680; x_wconf 90' lang='lat' dir='ltr'><strong>in</strong></span> <span class='ocrx_word' id='word_1_130' title='bbox 783 1645 830 1682; x_wconf 91' lang='lat' dir='ltr'><strong>ore</strong></span> 
     </span>
    </p>

    <p class='ocr_par' dir='ltr' id='par_1_20' title="bbox 154 1702 974 1770">
     <span class='ocr_line' id='line_1_21' title="bbox 154 1702 974 1770; baseline 0.001 -11"><span class='ocrx_word' id='word_1_131' title='bbox 154 1705 285 1759; x_wconf 81' lang='lat' dir='ltr'><strong>Condidit</strong></span> <span class='ocrx_word' id='word_1_132' title='bbox 303 1705 425 1770; x_wconf 87' lang='lat' dir='ltr'><strong>adverso,</strong></span> <span class='ocrx_word' id='word_1_133' title='bbox 444 1708 472 1756; x_wconf 93' lang='lat' dir='ltr'><strong>et</strong></span> <span class='ocrx_word' id='word_1_134' title='bbox 491 1703 608 1755; x_wconf 87' lang='lat' dir='ltr'><strong>mmiens</strong></span> <span class='ocrx_word' id='word_1_135' title='bbox 627 1702 744 1755; x_wconf 88' lang='lat' dir='ltr'><strong>animam</strong></span> <span class='ocrx_word' id='word_1_136' title='bbox 763 1703 876 1758; x_wconf 89' lang='lat' dir='ltr'><strong>abstulit</strong></span> <span class='ocrx_word' id='word_1_137' title='bbox 895 1707 974 1760; x_wconf 90' lang='lat' dir='ltr'><strong>hosti.</strong></span> 
     </span>
    </p>

    <p class='ocr_par' dir='ltr' id='par_1_21' title="bbox 153 1778 842 1850">
     <span class='ocr_line' id='line_1_22' title="bbox 153 1778 842 1850; baseline -0.003 -16"><span class='ocrx_word' id='word_1_138' title='bbox 153 1781 221 1834; x_wconf 75' lang='lat' dir='ltr'><strong>Tum</strong></span> <span class='ocrx_word' id='word_1_139' title='bbox 241 1797 322 1850; x_wconf 87' lang='lat' dir='ltr'><strong>snper</strong></span> <span class='ocrx_word' id='word_1_140' title='bbox 340 1779 494 1833; x_wconf 82' lang='lat' dir='ltr'><strong>exanimum</strong></span> <span class='ocrx_word' id='word_1_141' title='bbox 514 1795 574 1831; x_wconf 86' lang='lat' dir='ltr'><strong>sese</strong></span> <span class='ocrx_word' id='word_1_142' title='bbox 591 1778 707 1845; x_wconf 87' lang='lat' dir='ltr'><strong>proiecit</strong></span> <span class='ocrx_word' id='word_1_143' title='bbox 725 1779 842 1832; x_wconf 70' lang='lat' dir='ltr'><strong>anticum</strong></span> 
     </span>
    </p>

    <p class='ocr_par' dir='ltr' id='par_1_22' title="bbox 153 1854 1004 1925">
     <span class='ocr_line' id='line_1_23' title="bbox 153 1854 1004 1925; baseline 0.005 -15"><span class='ocrx_word' id='word_1_144' title='bbox 153 1857 306 1922; x_wconf 86' lang='lat' dir='ltr'><strong>Confessus,</strong></span> <span class='ocrx_word' id='word_1_145' title='bbox 326 1855 486 1925; x_wconf 89' lang='lat' dir='ltr'><strong>placidaque</strong></span> <span class='ocrx_word' id='word_1_146' title='bbox 504 1854 543 1908; x_wconf 89' lang='lat' dir='ltr'><strong>ibi</strong></span> <span class='ocrx_word' id='word_1_147' title='bbox 562 1854 672 1906; x_wconf 86' lang='lat' dir='ltr'><strong>demum</strong></span> <span class='ocrx_word' id='word_1_148' title='bbox 691 1859 779 1908; x_wconf 88' lang='lat' dir='ltr'><strong>morte</strong></span> <span class='ocrx_word' id='word_1_149' title='bbox 797 1857 908 1924; x_wconf 85' lang='lat' dir='ltr'><strong>quievit.</strong></span> <span class='ocrx_word' id='word_1_150' title='bbox 968 1874 1004 1914; x_wconf 73' lang='lat' dir='ltr'><strong>aas</strong></span> 
     </span>
    </p>

    <p class='ocr_par' dir='ltr' id='par_1_23' title="bbox 153 1931 933 2229">
     <span class='ocr_line' id='line_1_24' title="bbox 188 1931 933 2001; baseline 0.003 -15"><span class='ocrx_word' id='word_1_151' title='bbox 188 1933 332 1988; x_wconf 84' lang='lat' dir='ltr'><strong>Fortunati</strong></span> <span class='ocrx_word' id='word_1_152' title='bbox 352 1933 445 1986; x_wconf 85' lang='lat' dir='ltr'><strong>ambo!</strong></span> <span class='ocrx_word' id='word_1_153' title='bbox 469 1934 491 1984; x_wconf 90' lang='lat' dir='ltr'><strong>si</strong></span> <span class='ocrx_word' id='word_1_154' title='bbox 511 1931 578 2000; x_wconf 86' lang='lat' dir='ltr'><strong>quid</strong></span> <span class='ocrx_word' id='word_1_155' title='bbox 596 1947 657 1983; x_wconf 87' lang='lat' dir='ltr'><strong>mea</strong></span> <span class='ocrx_word' id='word_1_156' title='bbox 674 1931 795 1984; x_wconf 89' lang='lat' dir='ltr'><strong>carmina</strong></span> <span class='ocrx_word' id='word_1_157' title='bbox 812 1940 933 2001; x_wconf 86' lang='lat' dir='ltr'><strong>possunt,</strong></span> 
     </span>
     <span class='ocr_line' id='line_1_25' title="bbox 154 2007 874 2078; baseline 0 -16"><span class='ocrx_word' id='word_1_158' title='bbox 154 2010 237 2063; x_wconf 85' lang='lat' dir='ltr'><strong>Nulla</strong></span> <span class='ocrx_word' id='word_1_159' title='bbox 255 2010 315 2063; x_wconf 89' lang='lat' dir='ltr'><strong>dies</strong></span> <span class='ocrx_word' id='word_1_160' title='bbox 333 2025 462 2078; x_wconf 90' lang='lat' dir='ltr'><strong>umquam</strong></span> <span class='ocrx_word' id='word_1_161' title='bbox 481 2009 595 2061; x_wconf 88' lang='lat' dir='ltr'><strong>memori</strong></span> <span class='ocrx_word' id='word_1_162' title='bbox 614 2023 662 2059; x_wconf 88' lang='lat' dir='ltr'><strong>vos</strong></span> <span class='ocrx_word' id='word_1_163' title='bbox 680 2007 783 2061; x_wconf 84' lang='lat' dir='ltr'><strong>eximet</strong></span> <span class='ocrx_word' id='word_1_164' title='bbox 801 2025 874 2076; x_wconf 87' lang='lat' dir='ltr'><strong>aevo,</strong></span> 
     </span>
     <span class='ocr_line' id='line_1_26' title="bbox 153 2083 871 2152; baseline -0.001 -13"><span class='ocrx_word' id='word_1_165' title='bbox 153 2087 226 2139; x_wconf 82' lang='lat' dir='ltr'><strong>llum</strong></span> <span class='ocrx_word' id='word_1_166' title='bbox 245 2087 342 2139; x_wconf 91' lang='lat' dir='ltr'><strong>domus</strong></span> <span class='ocrx_word' id='word_1_167' title='bbox 362 2090 473 2138; x_wconf 88' lang='lat' dir='ltr'><strong>Aeneae</strong></span> <span class='ocrx_word' id='word_1_168' title='bbox 492 2084 608 2152; x_wconf 79' lang='lat' dir='ltr'><strong>Capitoli</strong></span> <span class='ocrx_word' id='word_1_169' title='bbox 628 2083 758 2137; x_wconf 93' lang='lat' dir='ltr'><strong>inmobile</strong></span> <span class='ocrx_word' id='word_1_170' title='bbox 776 2101 871 2138; x_wconf 81' lang='lat' dir='ltr'><strong>saxum</strong></span> 
     </span>
     <span class='ocr_line' id='line_1_27' title="bbox 154 2159 878 2229; baseline -0.001 -14"><span class='ocrx_word' id='word_1_171' title='bbox 154 2163 275 2228; x_wconf 85' lang='lat' dir='ltr'><strong>Accolet,</strong></span> <span class='ocrx_word' id='word_1_172' title='bbox 294 2162 484 2229; x_wconf 85' lang='lat' dir='ltr'><strong>inperiumque</strong></span> <span class='ocrx_word' id='word_1_173' title='bbox 502 2166 582 2228; x_wconf 89' lang='lat' dir='ltr'><strong>pater</strong></span> <span class='ocrx_word' id='word_1_174' title='bbox 602 2159 740 2210; x_wconf 85' lang='lat' dir='ltr'><strong>Romanus</strong></span> <span class='ocrx_word' id='word_1_175' title='bbox 760 2159 878 2214; x_wconf 87' lang='lat' dir='ltr'><strong>habebit.</strong></span> 
     </span>
    </p>

    <p class='ocr_par' dir='ltr' id='par_1_24' title="bbox 152 2235 1004 2918">
     <span class='ocr_line' id='line_1_28' title="bbox 187 2235 1004 2306; baseline -0.006 -14"><span class='ocrx_word' id='word_1_176' title='bbox 187 2239 315 2292; x_wconf 88' lang='lat' dir='ltr'><strong>Victores</strong></span> <span class='ocrx_word' id='word_1_177' title='bbox 333 2237 437 2306; x_wconf 84' lang='lat' dir='ltr'><strong>praeda</strong></span> <span class='ocrx_word' id='word_1_178' title='bbox 457 2236 553 2289; x_wconf 82' lang='lat' dir='ltr'><strong>Itutuli</strong></span> <span class='ocrx_word' id='word_1_179' title='bbox 571 2235 718 2302; x_wconf 87' lang='lat' dir='ltr'><strong>spoliisque</strong></span> <span class='ocrx_word' id='word_1_180' title='bbox 736 2237 825 2302; x_wconf 88' lang='lat' dir='ltr'><strong>potiti,</strong></span> <span class='ocrx_word' id='word_1_181' title='bbox 968 2256 1004 2294; x_wconf 58' lang='grc' dir='ltr'><strong>ω]</strong></span> 
     </span>
     <span class='ocr_line' id='line_1_29' title="bbox 153 2311 926 2368; baseline -0.003 1"><span class='ocrx_word' id='word_1_182' title='bbox 153 2315 327 2368; x_wconf 84' lang='lat' dir='ltr'><strong>Volscentem</strong></span> <span class='ocrx_word' id='word_1_183' title='bbox 347 2314 501 2367; x_wconf 88' lang='lat' dir='ltr'><strong>exanimum</strong></span> <span class='ocrx_word' id='word_1_184' title='bbox 521 2312 619 2364; x_wconf 85' lang='lat' dir='ltr'><strong>flentes</strong></span> <span class='ocrx_word' id='word_1_185' title='bbox 637 2311 663 2362; x_wconf 93' lang='lat' dir='ltr'><strong>in</strong></span> <span class='ocrx_word' id='word_1_186' title='bbox 683 2316 774 2364; x_wconf 84' lang='lat' dir='ltr'><strong>castra</strong></span> <span class='ocrx_word' id='word_1_187' title='bbox 792 2311 926 2368; x_wconf 87' lang='lat' dir='ltr'><strong>ferebant.</strong></span> 
     </span>
     <span class='ocr_line' id='line_1_30' title="bbox 153 2387 890 2456; baseline -0.003 -11"><span class='ocrx_word' id='word_1_188' title='bbox 153 2391 211 2446; x_wconf 85' lang='lat' dir='ltr'><strong>Nec</strong></span> <span class='ocrx_word' id='word_1_189' title='bbox 228 2393 316 2444; x_wconf 88' lang='lat' dir='ltr'><strong>minor</strong></span> <span class='ocrx_word' id='word_1_190' title='bbox 334 2392 362 2443; x_wconf 91' lang='lat' dir='ltr'><strong>in</strong></span> <span class='ocrx_word' id='word_1_191' title='bbox 381 2390 478 2443; x_wconf 88' lang='lat' dir='ltr'><strong>castris</strong></span> <span class='ocrx_word' id='word_1_192' title='bbox 497 2389 587 2442; x_wconf 90' lang='lat' dir='ltr'><strong>luctus</strong></span> <span class='ocrx_word' id='word_1_193' title='bbox 608 2387 762 2441; x_wconf 82' lang='lat' dir='ltr'><strong>Rhamnete</strong></span> <span class='ocrx_word' id='word_1_194' title='bbox 780 2393 890 2456; x_wconf 87' lang='lat' dir='ltr'><strong>reperte</strong></span> 
     </span>
     <span class='ocr_line' id='line_1_31' title="bbox 153 2463 865 2536; baseline -0.006 -14"><span class='ocrx_word' id='word_1_195' title='bbox 153 2468 292 2535; x_wconf 83' lang='lat' dir='ltr'><strong>Exsangui</strong></span> <span class='ocrx_word' id='word_1_196' title='bbox 310 2474 339 2522; x_wconf 88' lang='lat' dir='ltr'><strong>et</strong></span> <span class='ocrx_word' id='word_1_197' title='bbox 357 2467 452 2536; x_wconf 80' lang='lat' dir='ltr'><strong>primis</strong></span> <span class='ocrx_word' id='word_1_198' title='bbox 473 2483 525 2519; x_wconf 88' lang='lat' dir='ltr'><strong>una</strong></span> <span class='ocrx_word' id='word_1_199' title='bbox 543 2469 586 2518; x_wconf 91' lang='lat' dir='ltr'><strong>tot</strong></span> <span class='ocrx_word' id='word_1_200' title='bbox 604 2463 688 2517; x_wconf 88' lang='lat' dir='ltr'><strong>caede</strong></span> <span class='ocrx_word' id='word_1_201' title='bbox 706 2465 865 2534; x_wconf 84' lang='lat' dir='ltr'><strong>peremptis,</strong></span> 
     </span>
     <span class='ocr_line' id='line_1_32' title="bbox 152 2543 930 2614; baseline -0.003 -16"><span class='ocrx_word' id='word_1_202' title='bbox 152 2544 323 2614; x_wconf 79' lang='lat' dir='ltr'><strong>Serranoque</strong></span> <span class='ocrx_word' id='word_1_203' title='bbox 342 2544 495 2611; x_wconf 83' lang='lat' dir='ltr'><strong>Numaque.</strong></span> <span class='ocrx_word' id='word_1_204' title='bbox 534 2543 635 2609; x_wconf 81' lang='lat' dir='ltr'><strong>Ingens</strong></span> <span class='ocrx_word' id='word_1_205' title='bbox 654 2557 799 2594; x_wconf 87' lang='lat' dir='ltr'><strong>concursus</strong></span> <span class='ocrx_word' id='word_1_206' title='bbox 817 2543 852 2594; x_wconf 87' lang='lat' dir='ltr'><strong>ad</strong></span> <span class='ocrx_word' id='word_1_207' title='bbox 871 2543 930 2612; x_wconf 86' lang='lat' dir='ltr'><strong>ipsa</strong></span> 
     </span>
     <span class='ocr_line' id='line_1_33' title="bbox 153 2617 1004 2690; baseline 0.002 -16"><span class='ocrx_word' id='word_1_208' title='bbox 153 2621 274 2690; x_wconf 85' lang='lat' dir='ltr'><strong>Corpora</strong></span> <span class='ocrx_word' id='word_1_209' title='bbox 291 2620 489 2688; x_wconf 87' lang='lat' dir='ltr'><strong>seminecisque</strong></span> <span class='ocrx_word' id='word_1_210' title='bbox 508 2619 580 2671; x_wconf 91' lang='lat' dir='ltr'><strong>viros</strong></span> <span class='ocrx_word' id='word_1_211' title='bbox 598 2617 747 2686; x_wconf 89' lang='lat' dir='ltr'><strong>tepidaque</strong></span> <span class='ocrx_word' id='word_1_212' title='bbox 765 2627 903 2673; x_wconf 85' lang='lat' dir='ltr'><strong>recentem</strong></span> <span class='ocrx_word' id='word_1_213' title='bbox 969 2636 1004 2676; x_wconf 76' lang='lat' dir='ltr'><strong>sss</strong></span> 
     </span>
     <span class='ocr_line' id='line_1_34' title="bbox 152 2694 910 2763; baseline -0.004 -12"><span class='ocrx_word' id='word_1_214' title='bbox 152 2697 244 2752; x_wconf 85' lang='lat' dir='ltr'><strong>Caede</strong></span> <span class='ocrx_word' id='word_1_215' title='bbox 262 2698 350 2750; x_wconf 88' lang='lat' dir='ltr'><strong>locum</strong></span> <span class='ocrx_word' id='word_1_216' title='bbox 368 2702 397 2750; x_wconf 92' lang='lat' dir='ltr'><strong>et</strong></span> <span class='ocrx_word' id='word_1_217' title='bbox 415 2697 509 2763; x_wconf 90' lang='lat' dir='ltr'><strong>plenos</strong></span> <span class='ocrx_word' id='word_1_218' title='bbox 528 2694 665 2762; x_wconf 86' lang='lat' dir='ltr'><strong>spumanti</strong></span> <span class='ocrx_word' id='word_1_219' title='bbox 685 2699 814 2762; x_wconf 85' lang='lat' dir='ltr'><strong>sanguine</strong></span> <span class='ocrx_word' id='word_1_220' title='bbox 832 2696 910 2750; x_wconf 89' lang='lat' dir='ltr'><strong>rivos.</strong></span> 
     </span>
     <span class='ocr_line' id='line_1_35' title="bbox 153 2770 909 2841; baseline -0.001 -14"><span class='ocrx_word' id='word_1_221' title='bbox 153 2773 334 2841; x_wconf 81' lang='lat' dir='ltr'><strong>Adgnoscunt</strong></span> <span class='ocrx_word' id='word_1_222' title='bbox 352 2773 438 2840; x_wconf 85' lang='lat' dir='ltr'><strong>spolia</strong></span> <span class='ocrx_word' id='word_1_223' title='bbox 456 2773 529 2825; x_wconf 86' lang='lat' dir='ltr'><strong>inter</strong></span> <span class='ocrx_word' id='word_1_224' title='bbox 548 2787 578 2823; x_wconf 92' lang='lat' dir='ltr'><strong>se</strong></span> <span class='ocrx_word' id='word_1_225' title='bbox 595 2770 756 2839; x_wconf 83' lang='lat' dir='ltr'><strong>galeamque</strong></span> <span class='ocrx_word' id='word_1_226' title='bbox 775 2771 909 2826; x_wconf 89' lang='lat' dir='ltr'><strong>nitentem</strong></span> 
     </span>
     <span class='ocr_line' id='line_1_36' title="bbox 152 2847 833 2918; baseline -0.003 -15"><span class='ocrx_word' id='word_1_227' title='bbox 152 2849 271 2918; x_wconf 85' lang='lat' dir='ltr'><strong>Messapi</strong></span> <span class='ocrx_word' id='word_1_228' title='bbox 290 2853 318 2902; x_wconf 88' lang='lat' dir='ltr'><strong>ot</strong></span> <span class='ocrx_word' id='word_1_229' title='bbox 336 2848 422 2902; x_wconf 86' lang='lat' dir='ltr'><strong>multo</strong></span> <span class='ocrx_word' id='word_1_230' title='bbox 440 2848 565 2916; x_wconf 87' lang='lat' dir='ltr'><strong>phaleras</strong></span> <span class='ocrx_word' id='word_1_231' title='bbox 584 2847 683 2899; x_wconf 90' lang='lat' dir='ltr'><strong>sudore</strong></span> <span class='ocrx_word' id='word_1_232' title='bbox 702 2852 833 2916; x_wconf 86' lang='lat' dir='ltr'><strong>receptas.</strong></span> 
     </span>
    </p>

    <p class='ocr_par' dir='ltr' id='par_1_25' title="bbox 151 2923 1003 3146">
     <span class='ocr_line' id='line_1_37' title="bbox 187 2923 881 2994; baseline 0.001 -15"><span class='ocrx_word' id='word_1_233' title='bbox 187 2926 224 2979; x_wconf 90' lang='lat' dir='ltr'><strong>Et</strong></span> <span class='ocrx_word' id='word_1_234' title='bbox 241 2927 295 2978; x_wconf 89' lang='lat' dir='ltr'><strong>iam</strong></span> <span class='ocrx_word' id='word_1_235' title='bbox 312 2925 402 2994; x_wconf 88' lang='lat' dir='ltr'><strong>prima</strong></span> <span class='ocrx_word' id='word_1_236' title='bbox 419 2941 487 2977; x_wconf 88' lang='lat' dir='ltr'><strong>novo</strong></span> <span class='ocrx_word' id='word_1_237' title='bbox 506 2923 653 2992; x_wconf 80' lang='lat' dir='ltr'><strong>spargebat</strong></span> <span class='ocrx_word' id='word_1_238' title='bbox 672 2923 773 2977; x_wconf 91' lang='lat' dir='ltr'><strong>lumino</strong></span> <span class='ocrx_word' id='word_1_239' title='bbox 792 2937 881 2980; x_wconf 86' lang='lat' dir='ltr'><strong>terras</strong></span> 
     </span>
     <span class='ocr_line' id='line_1_38' title="bbox 151 2999 1003 3068; baseline 0 -13"><span class='ocrx_word' id='word_1_240' title='bbox 151 3002 260 3057; x_wconf 82' lang='lat' dir='ltr'><strong>Tithoni</strong></span> <span class='ocrx_word' id='word_1_241' title='bbox 278 3017 403 3055; x_wconf 89' lang='lat' dir='ltr'><strong>croceum</strong></span> <span class='ocrx_word' id='word_1_242' title='bbox 421 3001 545 3068; x_wconf 89' lang='lat' dir='ltr'><strong>linquens</strong></span> <span class='ocrx_word' id='word_1_243' title='bbox 565 3003 674 3052; x_wconf 79' lang='lat' dir='ltr'><strong>Arrrora</strong></span> <span class='ocrx_word' id='word_1_244' title='bbox 692 2999 793 3055; x_wconf 90' lang='lat' dir='ltr'><strong>cubile:</strong></span> <span class='ocrx_word' id='word_1_245' title='bbox 967 3019 1003 3059; x_wconf 76' lang='lat' dir='ltr'><strong>aee</strong></span> 
     </span>
     <span class='ocr_line' id='line_1_39' title="bbox 153 3076 790 3146; baseline -0.002 -14"><span class='ocrx_word' id='word_1_246' title='bbox 153 3080 211 3133; x_wconf 88' lang='lat' dir='ltr'><strong>lam</strong></span> <span class='ocrx_word' id='word_1_247' title='bbox 231 3078 287 3132; x_wconf 93' lang='lat' dir='ltr'><strong>sole</strong></span> <span class='ocrx_word' id='word_1_248' title='bbox 305 3077 400 3145; x_wconf 85' lang='lat' dir='ltr'><strong>infuso,</strong></span> <span class='ocrx_word' id='word_1_249' title='bbox 420 3080 473 3130; x_wconf 92' lang='lat' dir='ltr'><strong>iam</strong></span> <span class='ocrx_word' id='word_1_250' title='bbox 492 3076 574 3128; x_wconf 92' lang='lat' dir='ltr'><strong>rebus</strong></span> <span class='ocrx_word' id='word_1_251' title='bbox 593 3076 653 3128; x_wconf 87' lang='lat' dir='ltr'><strong>luce</strong></span> <span class='ocrx_word' id='word_1_252' title='bbox 671 3079 790 3146; x_wconf 88' lang='lat' dir='ltr'><strong>retectis,</strong></span> 
     </span>
    </p>

    <p class='ocr_par' dir='ltr' id='par_1_26' title="bbox 152 3151 884 3299">
     <span class='ocr_line' id='line_1_40' title="bbox 152 3151 884 3226; baseline 0.003 -17"><span class='ocrx_word' id='word_1_253' title='bbox 152 3155 258 3210; x_wconf 84' lang='lat' dir='ltr'><strong>&#39;lomus</strong></span> <span class='ocrx_word' id='word_1_254' title='bbox 275 3155 303 3208; x_wconf 90' lang='lat' dir='ltr'><strong>in</strong></span> <span class='ocrx_word' id='word_1_255' title='bbox 322 3169 398 3208; x_wconf 85' lang='lat' dir='ltr'><strong>arma</strong></span> <span class='ocrx_word' id='word_1_256' title='bbox 416 3153 497 3220; x_wconf 87' lang='lat' dir='ltr'><strong>viros,</strong></span> <span class='ocrx_word' id='word_1_257' title='bbox 516 3152 599 3206; x_wconf 87' lang='lat' dir='ltr'><strong>armis</strong></span> <span class='ocrx_word' id='word_1_258' title='bbox 618 3151 801 3208; x_wconf 86' lang='lat' dir='ltr'><strong>circumdatus</strong></span> <span class='ocrx_word' id='word_1_259' title='bbox 819 3158 884 3226; x_wconf 83' lang='lat' dir='ltr'><strong>ipse,</strong></span> 
     </span>
     <span class='ocr_line' id='line_1_41' title="bbox 152 3228 811 3299; baseline 0 -15"><span class='ocrx_word' id='word_1_260' title='bbox 152 3231 279 3296; x_wconf 69' lang='lat' dir='ltr'><strong>suscitat,</strong></span> <span class='ocrx_word' id='word_1_261' title='bbox 298 3233 462 3299; x_wconf 86' lang='lat' dir='ltr'><strong>aeratasque</strong></span> <span class='ocrx_word' id='word_1_262' title='bbox 480 3228 553 3282; x_wconf 88' lang='lat' dir='ltr'><strong>acies</strong></span> <span class='ocrx_word' id='word_1_263' title='bbox 571 3228 598 3280; x_wconf 92' lang='lat' dir='ltr'><strong>in</strong></span> <span class='ocrx_word' id='word_1_264' title='bbox 616 3228 720 3296; x_wconf 90' lang='lat' dir='ltr'><strong>proelia</strong></span> <span class='ocrx_word' id='word_1_265' title='bbox 739 3231 811 3299; x_wconf 82' lang='lat' dir='ltr'><strong>cogit</strong></span> 
     </span>
    </p>
   </div>
   <div class='ocr_carea' id='block_1_3' title="bbox 0 0 1139 3570">
    <p class='ocr_par' dir='ltr' id='par_1_27' title="bbox 0 0 1139 3570">
     <span class='ocr_line' id='line_1_42' title="bbox 0 0 1139 3570; baseline 0 0"><span class='ocrx_word' id='word_1_266' title='bbox 0 0 1139 3570; x_wconf 95' lang='lat' dir='ltr'><strong> </strong></span> 
     </span>
    </p>
   </div>
  </div>
 </body>
</html>
