2278 3568
408 181 590 229 AENEIDOS
608 181 676 229 LIB.
696 176 749 228 ΙΙΙ.
949 181 993 228 139

149 264 232 318 Haud
249 265 350 331 inpune
368 261 494 330 quidem3
512 279 562 314 noc
580 261 645 314 talia
663 278 759 330 passus
777 261 879 329 Ulixes,

148 340 290 393 Oblitusve
308 340 349 392 sui
368 343 410 392 est
430 338 541 391 Ithacus
560 337 714 390 discrimino
734 341 817 392 tanto.

148 417 218 470 Nam
237 417 317 469 simul
336 416 461 484 expletus
480 415 595 483 dapibus
614 415 731 482 vinoque
748 415 871 481 sepultus
965 430 1001 468 mo

149 493 288 547 Cervieem
306 493 433 545 inflexam
451 493 548 561 posuit,
566 492 703 560 iacuitque
721 509 771 560 per
788 496 897 545 antrum

149 571 299 637 lnmeusns,
318 570 420 622 saniem
439 572 565 621 eructans
584 571 612 620 et
629 568 717 620 frusta
734 572 848 621 cruento

149 646 203 699 Per
220 663 343 699 somnum
361 646 508 699 commixta
526 661 609 711 mero,
628 661 684 711 nos,
702 662 800 712 magua
817 645 919 712 precat'

148 723 266 776 Numina
285 723 428 791 sortitique
446 723 525 788 vices,
543 738 598 774 una
615 721 735 788 undique
752 722 854 775 circum

149 799 306 865 Fundimur,
326 803 355 852 et
373 799 429 852 tolo
447 799 538 850 lumen
556 797 728 850 terebramus
744 802 834 864 acuto,
964 802 999 840 ⁶³¹1
1052 795 1055 800 '

150 875 257 943 ingens,
278 875 352 944 quod
370 879 449 927 torva
466 875 554 926 solum
571 873 624 925 sub
642 873 733 926 fronto
751 873 863 940 latebat,

152 953 271 1019 Argolici
289 952 368 1020 clipei
386 955 434 1003 aut
454 949 597 1004 Phoebeae
614 950 749 1017 lampadis
767 951 860 1016 instar,

149 1029 186 1081 ut
205 1028 317 1080 tandem
335 1027 400 1079 laeti
418 1027 553 1079 sociorum
571 1025 727 1077 ulciscimur
748 1025 864 1078 umbras.

148 1105 205 1157 Sed
221 1104 316 1171 fugite,
335 1119 350 1155 o
369 1103 467 1169 miseri,
486 1101 580 1169 sugite,
599 1105 682 1168 atquo
701 1101 736 1154 ab
754 1102 835 1154 litore
853 1103 945 1155 funem

149 1181 290 1250 Rumpite.
967 1195 1002 1232 ou

149 1258 220 1310 Nam
239 1258 325 1326 qualis
343 1261 517 1326 quantusque
535 1275 600 1310 cavo
620 1257 802 1326 Polyphemus
819 1257 847 1310 iu
864 1261 944 1310 antro

150 1333 296 1402 Lanigeras
315 1334 419 1388 claudit
437 1335 556 1401 pecudes
575 1339 658 1402 atquo
677 1333 763 1386 ubera
780 1337 894 1401 pressat,

149 1411 267 1464 Centum
286 1411 331 1463 alii
349 1428 432 1464 curva
449 1411 517 1464 hace
534 1411 660 1464 habitant
677 1410 714 1463 ad
731 1411 812 1464 litora
831 1411 909 1479 volgo

151 1487 259 1561 Iniandi
279 1488 408 1554 Cyclopes
427 1491 455 1540 et
472 1488 536 1540 altis
555 1487 692 1540 montibus
711 1491 812 1540 errant.

149 1563 241 1616 'sertia
258 1563 312 1616 iam
332 1563 425 1615 Lunae
442 1581 472 1616 so
491 1581 590 1616 cornua
608 1564 710 1616 lumine
728 1564 863 1631 conplent
967 1578 1003 1616 osa

150 1639 219 1692 Cum
237 1639 321 1692 vitam
341 1639 368 1691 in
387 1639 459 1691 silvis
478 1639 549 1692 inter
568 1639 678 1692 deserta
696 1640 814 1692 ferarum

150 1715 251 1769 Lustra
269 1714 417 1783 domosque
436 1715 524 1782 traho,
542 1719 689 1783 vastosque
708 1715 742 1767 ab
761 1732 828 1783 rupe
848 1716 977 1782 Cyclopas

150 1792 295 1860 Prospici0‚
314 1793 489 1859 sonitumque
508 1792 608 1860 pedum
628 1808 775 1860 vocemque
793 1798 933 1845 tremesco.

123 1899 125 1901 -
150 1867 261 1921 Victum
278 1869 420 1934 infelicem,
440 1867 520 1922 bacas
539 1868 717 1936 lapidosaque
736 1884 825 1934 corna,

150 1943 224 1997 liant
242 1945 317 2013 rami,
336 1948 365 1998 et
384 1944 465 1998 volsis
484 1949 599 2013 pascunt
619 1943 754 1996 radicibus
774 1943 881 1997 herbae.
968 1957 1005 1995 oso

149 2020 248 2072 Omnia
266 2021 442 2083 conlustrans
462 2021 530 2073 hanc
548 2021 666 2088 primum
686 2019 721 2071 ad
740 2019 821 2072 litora
838 2019 952 2072 classem

149 2095 287 2163 Conspexi
305 2097 466 2148 venientem.
504 2096 576 2148 Huic
594 2113 645 2160 mc,
666 2112 852 2162 quaecumque
870 2095 976 2162 fuisset,

152 2171 272 2224 Addixi:
291 2172 357 2224 satis
375 2175 418 2223 est
435 2175 546 2238 geniem
566 2171 691 2237 effugisse
709 2170 860 2222 nefandam.

151 2247 208 2299 Vos
225 2246 342 2299 animam
360 2247 429 2300 hanc
447 2247 537 2314 potius
556 2262 728 2314 quocumque
747 2245 884 2298 absumite
903 2245 964 2299 leto.

186 2323 241 2375 Vix
259 2339 292 2376 ea
309 2323 382 2376 fatus
400 2327 467 2390 erat,
487 2339 591 2376 summo
610 2338 670 2375 cum
689 2325 782 2374 monte
801 2321 924 2374 videmus
970 2338 1005 2375 aas

151 2401 246 2469 ipsum
264 2401 337 2453 inter
354 2399 474 2468 pecudes
492 2403 570 2452 vasta
589 2417 618 2452 sa
636 2399 707 2452 mole
725 2402 880 2452 moventem

153 2477 293 2530 Pastorem
315 2477 509 2545 Polyphemum
528 2480 557 2530 et
575 2476 657 2530 litora
674 2480 739 2530 nota
757 2479 906 2544 petentem,

152 2553 305 2606 Monstrum
314 2553 488 2620 horrendum,
499 2553 779 2621 informe,ingons‚cui
792 2553 883 2605 lumen
895 2556 1004 2620 ademp

151 2630 257 2682 'l'runca
274 2647 357 2684 manu
374 2631 452 2698 pinus
471 2630 542 2698 regit
560 2633 589 2684 et
609 2631 722 2698 vestigia
742 2630 848 2693 firmat3
926 2629 1004 2697 [tum.

154 2706 301 2774 lanigerae
319 2709 484 2760 comitantur
502 2724 580 2772 ores3
597 2725 631 2761 ea
649 2708 705 2760 sola
722 2706 848 2774 voluptas
969 2719 1005 2758 ooo

152 2782 335 2850 Solamenquo
353 2783 425 2836 maii.

154 2858 300 2924 Postquam
319 2859 388 2911 altos
406 2860 499 2926 tetigit
518 2860 616 2914 fluctus
634 2868 665 2912 et
683 2859 718 2912 ad
737 2875 855 2927 aequora
872 2859 954 2925 venit,

153 2935 274 2987 Luminis
293 2935 382 2988 effossi
401 2935 515 2988 fluidum
533 2937 599 2989 lavit
612 2937 682 3005 indo
700 2951 833 3001 umorem,

153 3011 287 3064 Dentibus
306 3011 463 3064 infrendens
481 3013 593 3080 gemitu,
610 3012 791 3081 graditurque
810 3028 860 3080 per
878 3029 982 3080 aequor

154 3088 212 3140 lam
229 3087 357 3153 modium,
376 3087 492 3140 necdum
511 3087 609 3140 fluctus
627 3089 714 3141 latera
731 3089 817 3141 ardua
835 3088 923 3140 tinxit.
971 3101 1007 3140 eos

153 3163 209 3216 Nos
227 3164 320 3231 procul
339 3164 402 3217 inde
420 3165 511 3231 fugam
530 3164 630 3231 trepidi
649 3167 775 3232 celerare,
794 3167 903 3231 recepto

153 3240 279 3308 Supplioe
297 3241 335 3294 sic
352 3240 457 3306 morito,
474 3241 606 3309 tacitique
625 3242 744 3294 incidere
761 3242 868 3304 funem;

245 3322 274 3367 12
