2290 3568
108 151 155 198 all
337 149 365 195 P.
387 147 538 197 VERGILI
556 147 722 198 MABONIS

111 229 280 284 Pendentem
299 229 416 297 scopulo,
435 228 635 297 Furiammque
652 245 700 284 ora
718 235 899 294 trcruontcm3

109 307 288 374 Secretosque
307 307 380 374 pios;
398 305 439 360 bis
456 305 568 358 dantem
586 306 646 358 iura
664 308 804 362 Catonem.
921 317 957 356 aro

112 384 190 437 Haec
209 384 282 436 inter
300 381 398 436 tmnidi
417 381 472 433 late
490 381 573 432 maris
590 381 649 435 ibat
667 382 763 452 imago,

110 460 209 522 Aurea,
228 457 278 512 sed
297 457 381 508 lluctn
401 455 563 524 spumabant
581 456 688 510 caerula
705 475 789 524 cano;

110 535 145 588 llt
163 535 264 586 circum
282 539 396 600 argento
414 532 478 584 clari
497 531 640 599 delphines
657 532 685 586 in
703 534 796 587 orbem

111 613 239 678 Aequora
257 608 406 662 verrebant
423 608 517 660 caudis
535 611 696 675 aestumque
714 610 853 663 secabant.

111 687 143 738 lu
161 686 253 738 medio
270 685 363 738 classis
382 687 496 750 aeratae,
516 683 597 736 Actia
614 683 693 751 bella,
920 701 956 739 ors

109 762 228 814 Cernere
247 765 322 824 erat;
347 765 492 827 totumque
510 760 644 812 instructo
663 761 754 814 Marte
771 761 879 814 videres

110 838 227 890 Fervere
247 837 391 902 Leucaten,
411 853 532 903 auroque
550 835 680 903 effulgere
698 836 805 892 fluctus.

110 914 183 967 Hinc
203 917 344 982 Augustus
363 930 447 980 agens
467 913 551 966 Italos
569 913 597 964 iu
615 913 718 982 proelia
737 914 837 968 Caesar

108 989 178 1042 Cum
200 989 326 1042 Patribus
346 989 509 1058 Populoque‚
528 987 677 1042 Penatibus
695 993 724 1042 et
742 990 847 1057 magnis
867 988 922 1054 Dis,

108 1066 190 1120 Stans
202 1067 273 1120 celsa
285 1067 312 1118 in
325 1067 408 1134 puppi
418 1088 423 1126 ;
434 1065 556 1132 geminas
568 1066 611 1118 cui
623 1069 748 1134 tempora
761 1065 883 1119 flammas
918 1081 955 1118 sao

110 1141 195 1196 Laeta
213 1148 332 1206 vomunt,
351 1143 524 1209 patriumque
542 1141 665 1208 aperitur
682 1143 783 1196 vortice
801 1141 885 1196 sidus.

110 1217 192 1272 Parte
210 1219 262 1271 alia
279 1220 367 1270 ventis
385 1223 414 1270 et
432 1218 474 1269 dis
494 1217 618 1284 Agrippa
636 1217 761 1272 secundis

111 1295 222 1347 Arduus
240 1311 335 1362 agmen
354 1311 451 1360 egerim
468 1293 519 1359 cui,
539 1292 604 1345 belli
621 1294 725 1361 insigne
744 1295 899 1362 superbum,

110 1371 241 1439 Tempora
259 1369 347 1422 navali
366 1369 473 1435 fulgent
491 1372 609 1422 rostrata
627 1385 731 1422 corona

111 1447 182 1500 Hinc
199 1463 249 1513 ope
268 1445 408 1496 barbarica
426 1444 560 1510 variisque
580 1445 715 1498 Antonius
734 1446 822 1508 armis,
918 1459 955 1498 aaa

111 1523 205 1576 Victor
222 1522 256 1575 ab
278 1525 400 1574 Aurorae
418 1519 523 1587 populis
541 1522 570 1572 et
587 1519 667 1575 litore
686 1522 775 1587 rubro,

110 1601 265 1667 Aegyptum
284 1598 402 1664 virisque
421 1596 541 1649 Orientis
559 1601 587 1650 et
605 1597 702 1651 ultima
720 1615 811 1650 secum

110 1675 210 1728 Bactra
229 1674 318 1737 vehit,
337 1673 521 1741 sequiturque,
540 1673 630 1726 nefas!
651 1675 788 1742 Aegyptia
805 1675 931 1728 coniunx.

108 1752 171 1804 Una
189 1768 280 1804 onmes
299 1767 384 1816 ruere,
403 1766 434 1802 ac
452 1753 541 1802 toturn
560 1766 685 1816 spumare
704 1751 825 1803 reductis

110 1828 270 1880 Conuolsum
291 1827 372 1878 renus
390 1826 540 1892 rostrisque
560 1825 726 1878 tridentibus
744 1844 854 1893 aequor.
919 1842 955 1879 acu

111 1903 176 1955 Alta
194 1907 306 1971 petunt;
325 1901 420 1968 pelago
438 1899 534 1952 credas
553 1901 646 1954 innare
665 1901 783 1954 revolsas

109 1979 247 2045 Cycladas,
267 1981 315 2028 aaut
332 1976 432 2028 montis
450 1991 609 2028 concurrere
629 1976 766 2028 montibus
784 1977 871 2031 altos:

109 2056 195 2108 Tanta
213 2054 282 2106 mole
300 2053 349 2104 viri
368 2051 476 2104 turritis
494 2050 629 2120 puppibus
647 2052 759 2106 instant¹

109 2133 231 2198 stuppea
248 2129 357 2183 llaruma
374 2143 455 2180 manu
473 2126 590 2194 telisque
609 2127 717 2182 volatile
733 2129 835 2182 ferrum

108 2207 265 2275 Spargitur:
285 2222 349 2258 arva
367 2221 436 2258 nova
455 2204 592 2272 Neptunia
610 2205 693 2260 caede
712 2205 868 2262 rubescunt.
919 2223 954 2261 ose

111 2283 215 2350 Regina
233 2283 259 2334 in
278 2281 375 2334 modiis
393 2281 482 2349 patrio
501 2284 579 2334 vocat
596 2281 704 2350 agmina
721 2282 816 2336 sistro:

109 2360 232 2412 Necdum
252 2359 333 2411 etiam
351 2358 474 2425 geminos
491 2373 507 2410 a
524 2362 602 2424 tergo
619 2358 730 2425 respicit
747 2359 849 2425 unguis.

108 2434 343 2501 Omuigenumque
361 2433 443 2486 deum
461 2437 582 2486 monstra
600 2438 628 2484 ot
647 2431 762 2486 latrator
782 2434 888 2488 Anubis

109 2511 211 2563 Contra
233 2510 388 2575 Neptunum
407 2511 435 2561 et
456 2508 592 2560 Venerem
610 2513 759 2576 contraque
779 2510 930 2565 Minervam

109 2586 174 2639 'lela
191 2589 294 2638 tenent.
331 2584 424 2638 Saevit
442 2584 532 2636 modic
550 2585 577 2636 in
596 2585 745 2639 certamine
765 2587 875 2640 Mavors
918 2605 955 2644 roo

5 2715 7 2720 a
108 2662 236 2714 Caelatus
255 2661 333 2726 ferro,
352 2660 501 2728 tristesque
518 2676 552 2712 ex
569 2660 683 2716 aethora
702 2661 799 2728 Dirae;

108 2738 145 2790 llt
163 2738 244 2790 scissa
262 2736 385 2804 gaudens
403 2736 480 2789 vadit
499 2736 641 2791 Discordia
659 2737 736 2805 palla

108 2814 195 2878 Quam
214 2830 275 2865 cum
294 2815 440 2880 sanguineo
458 2812 583 2880 sequitur
603 2813 716 2868 Bellona
733 2814 846 2882 flagello.

109 2891 206 2944 Actius
225 2890 290 2942 haec
308 2906 422 2942 cernens
440 2906 533 2944 arcum
551 2889 712 2946 intendebat
732 2891 831 2962 Apollo

107 2966 246 3034 Desuper:
265 2966 352 3018 «imnis
370 2983 402 3019 eo
420 2969 527 3020 terrore
548 2967 688 3034 Aegyptus
706 2971 735 3022 ot
755 2967 825 3034 Iudi,
918 2982 953 3023 70⁶

107 3043 203 3096 Omnis
223 3043 321 3109 Arabs,
339 3059 433 3097 omncs
451 3041 597 3096 vertebant
614 3047 691 3111 terga
710 3043 813 3098 sabaei,

108 3120 173 3189 Ipsa
191 3120 337 3173 videbatur
355 3120 443 3174 ventis
461 3119 555 3188 regina
573 3121 675 3174 vocatis

106 3195 176 3252 Vola
194 3198 267 3261 darc,
286 3201 315 3253 et
332 3197 407 3252 laxos
425 3197 478 3252 iarn
496 3197 604 3268 iamque
622 3197 760 3254 inmittere
777 3198 857 3254 tuuis.
937 3269 940 3278 γ
