2278 3568
388 136 682 188 encaemorum.
702 138 751 188 iv.
976 159 1005 206 7⁵

142 218 260 274 Garrula
278 233 359 287 quam
377 218 460 285 tignis
478 218 572 272 nidum
591 219 741 288 suspendat
758 219 881 278 hirundo.

143 294 256 348 Interea
274 293 376 347 teneris
394 293 547 361 tepefactus
564 295 592 348 in
611 295 716 348 ossibus
733 294 830 348 humor

143 374 271 438 Aestuat,
290 387 318 424 eu
337 369 448 424 visenda
466 370 554 424 modis
574 371 700 424 animalia
718 371 799 438 miris,

142 449 248 502 Trunca
265 445 366 516 pedum
385 447 482 516 primo,
501 465 565 500 mox
583 451 611 501 et
631 448 776 501 stridentia
792 449 895 516 pennis,
965 482 1001 525 ³10

142 525 299 593 Miscentur,
317 527 482 592 tenuemque
501 525 586 592 magis
605 525 691 591 magis
709 541 773 578 acra
791 528 912 592 carpunt,

144 602 244 670 Donec,
261 605 293 656 ut
311 601 421 656 aestivis
443 601 544 654 effirsus
562 601 679 654 nubibus
698 600 792 668 imber,

145 679 273 748 lirupero,
293 682 341 732 aut
359 682 399 746 ut,
419 694 503 731 nervo
521 677 654 746 pulsante,
674 679 796 746 sagittae,
858 745 860 749 Ι

145 754 234 810 Prima
251 756 325 809 leves
344 756 441 809 ineunt
459 754 482 808 si
503 753 613 824 quaudo
631 754 734 823 proelia
753 753 857 807 Parthi.

176 831 243 897 Quis
256 831 324 886 deus
337 832 414 899 hanc,
428 831 532 899 Musae,
546 832 606 898 quis
619 831 697 884 nobis
711 829 822 884 extudit
833 834 939 884 artemi
961 845 999 884 313

142 907 223 963 Unde
241 925 310 962 nova
328 910 466 976 ingressus
486 907 625 962 hominmn
645 907 815 976 experientia
832 907 921 972 cepitl

142 983 240 1038 Pastor
260 987 404 1038 Aristaeus
423 985 530 1052 lugiens
551 984 651 1037 Peneia
670 982 778 1052 Tempe,

143 1061 266 1129 Amissis,
286 1065 318 1115 ut
335 1063 415 1130 fama,
435 1061 531 1130 apibus
550 1060 700 1129 morboque
718 1059 851 1126 fameque,

140 1133 237 1191 Tristis
257 1137 293 1190 ad
311 1139 426 1192 extremi
447 1154 552 1192 sacrum
570 1141 652 1204 caput
671 1135 779 1188 adstitit
796 1135 890 1202 amnis,

142 1212 229 1267 Multa
249 1231 373 1282 querens,
393 1219 478 1284 atque
496 1214 546 1267 hac
564 1213 673 1266 adfatus
692 1228 755 1266 voce
774 1215 929 1280 parentem:
963 1223 1000 1263 ³2⁰

142 1289 239 1358 Mater,
261 1291 366 1359 Cyrene
385 1296 481 1358 mater,
500 1308 570 1360 quae
588 1291 705 1359 gurgitis
724 1291 804 1344 huius

143 1366 202 1420 lma
220 1370 305 1435 tenes,
326 1367 393 1435 quid
411 1386 456 1422 me
475 1368 614 1436 praeclara
633 1369 718 1437 stirpe
737 1367 886 1421 deorum—-

141 1441 170 1495 ei
179 1443 267 1510 modo,
278 1459 360 1512 quem
370 1444 505 1511 porhibes,
515 1448 594 1514 pater
605 1449 648 1498 est
658 1444 842 1513 Thymbraeus
851 1443 984 1512 Apollo-

142 1518 263 1572 Invismn
282 1520 345 1574 fatis
365 1523 499 1588 genuistil
523 1525 571 1574 aut
590 1538 644 1590 quo
663 1520 714 1574 tibi
733 1521 820 1574 nostri

142 1594 239 1649 Pulsus
259 1598 350 1650 amori
373 1598 439 1665 quid
457 1615 502 1650 me
520 1598 623 1651 caelum
643 1614 754 1665 sperare
773 1596 903 1652 iubebas?
960 1611 996 1650 aas

142 1672 182 1725 lln
201 1673 284 1726 etiarn
303 1673 374 1727 hunc
392 1674 480 1742 ipsum
500 1676 572 1728 vitae
591 1674 715 1728 mortalis
733 1674 870 1740 honorem,

142 1749 228 1812 Quem
248 1749 314 1802 mihi
332 1749 377 1802 vix
395 1750 504 1818 frugum
523 1755 552 1804 et
570 1751 704 1820 pecudum
724 1750 848 1804 custodia
866 1750 961 1804 sollers
1006 1748 1016 1767 ⁰

141 1826 238 1880 Omnia
257 1827 405 1895 temptanti
425 1829 580 1895 extuderat‚
600 1832 629 1882 te
647 1832 743 1894 matre,
762 1828 892 1896 relinque.
974 1878 976 1882 .

141 1902 211 1966 Quin
230 1920 288 1971 age,
306 1907 335 1956 et
353 1904 412 1972 ipsa
429 1921 510 1958 marm
528 1905 614 1958 felicis
633 1923 697 1959 erue
715 1905 803 1970 silvas,

141 1979 195 2032 Ter
208 1981 322 2034 stabulis
335 1981 471 2035 inimicum
484 1983 575 2050 ignem
588 1986 671 2050 atque
684 1983 807 2036 interfice
820 1979 922 2040 messis,
959 1993 995 2032 333

140 2056 198 2110 Ure
218 2061 283 2122 sata,
302 2061 330 2110 et
349 2057 466 2110 validam
485 2059 512 2111 in
530 2059 593 2112 vitis
612 2059 706 2112 molire
724 2060 877 2128 bipennem,

140 2133 228 2186 Tanta
246 2151 323 2188 meae
342 2135 364 2188 si
382 2138 412 2188 te
430 2140 562 2204 ceperunt
581 2135 673 2189 taedia
693 2135 787 2189 laudis.

141 2212 181 2264 At
199 2214 288 2264 mater
307 2212 423 2264 sonitum
443 2212 562 2265 thalamo
582 2211 632 2264 sub
650 2211 767 2264 fluminis
785 2211 833 2264 alti

140 2287 238 2341 Sensit.
278 2287 344 2340 Eam
364 2288 464 2342 circum
484 2288 591 2342 Milesia
609 2289 710 2342 vellera
729 2287 752 2338 N
755 2285 870 2358 ymphae

140 2362 304 2432 Carpebant,
323 2363 394 2431 hyali
413 2369 505 2418 saturo
524 2365 617 2418 fucata
635 2365 731 2432 colore,
958 2377 994 2416 aas

140 2439 304 2508 Drymoque‚
326 2440 499 2511 Xanthoque,
521 2441 667 2510 Ligeaque,
686 2439 911 2510 Phyllodoceque,

140 2516 293 2570 Caesariem
313 2517 413 2572 effusae
433 2519 547 2573 nitidam
566 2535 616 2588 per
634 2519 750 2572 candida
768 2517 842 2584 oolla,

139 2591 264 2662 [Nesaea
284 2593 410 2663 Spioque,
430 2595 585 2664 Thaliaque,
605 2593 831 2664 Cymodoceque]

140 2669 316 2741 Cydippeque
335 2676 364 2726 et
385 2673 454 2727 flaua
472 2673 607 2742 Lycorias,
626 2674 712 2727 altera
729 2673 813 2740 virgo,

143 2745 239 2800 Altera
258 2752 316 2802 tum
335 2752 437 2817 primes
458 2750 575 2804 Lucinae
595 2754 710 2820 experta
727 2749 841 2815 labores,
958 2755 994 2796 333

140 2822 253 2893 Clioque
272 2830 300 2880 et
320 2826 408 2881 Beroe
427 2845 509 2896 soror,
530 2828 705 2881 Oceanitides
723 2825 826 2891 ambae,

140 2901 248 2956 Ambae
266 2920 339 2970 auro,
358 2905 439 2973 pictis
457 2906 589 2959 incinctae
609 2904 725 2973 pellibus
743 2901 847 2968 ambae,

140 2979 235 3048 Atque
254 2980 371 3050 Ephyre,
389 2986 472 3050 atque
491 2983 565 3051 Opis,
584 2987 613 3036 et
633 2982 699 3035 Asia
718 2979 846 3048 Deiopea,

140 3055 175 3109 m
193 3056 305 3111 tandem
323 3058 419 3126 positis
438 3059 516 3113 velox
536 3059 676 3114 Arethusa
694 3057 810 3126 sagittis.

141 3133 220 3187 Inter
238 3151 305 3202 quas
322 3151 415 3188 curam
435 3136 562 3204 Clymene
580 3135 711 3190 narrabat
728 3135 835 3187 inanem
956 3141 992 3184 343

143 3209 262 3329 Volgum,
281 3211 434 3283 Martisque
453 3212 530 3266 dolos
548 3215 579 3267 et
596 3212 686 3267 dulcia
703 3212 784 3278 furta,
