2266 3562
388 172 592 222 GEOEGIGON
611 172 681 221 LIB.
702 172 753 222 111.
968 175 999 219 55

146 259 183 314 Et
200 256 279 328 proni
298 254 366 308 dant
384 254 456 319 lora3
475 253 548 308 volat
566 253 592 306 vi
610 254 731 308 fervidus
749 255 823 320 uxis;

147 336 262 404 Iamque
279 331 402 398 humiles,
420 331 529 399 iamque
547 329 612 383 elati
631 329 747 384 sublime
764 329 891 383 videntur

148 413 223 465 Aera
240 426 290 478 per
307 425 421 461 vacuum
439 408 512 475 ferri,
530 411 613 475 atque
631 407 781 475 adsurgere
799 408 827 460 in
846 423 940 472 aures3

146 488 172 540 N
174 504 205 541 eo
223 503 306 553 mora,
324 502 374 538 nec
392 485 515 552 requies;
532 487 562 537 at
580 484 669 536 fulvae
687 483 795 537 nimbus
813 501 912 537 arenae
966 495 1001 536 110

146 563 456 628 Tollitur;l1umescunt
477 561 579 630 spumis
598 561 720 630 flatuque
739 565 915 631 sequentum:

147 642 249 696 'lentus
268 657 343 693 amor
360 639 480 707 laudum,
498 641 592 691 tantae
611 642 654 692 est
671 639 785 693 victoria
802 655 889 692 curae.

147 718 255 771 Primus
275 716 467 770 Erichthonius
488 732 583 770 currus
603 719 631 770 et
649 719 782 785 quattuor
800 731 880 768 ausus

148 795 266 862 Iungere
284 811 376 863 equos,
395 792 561 862 rapidusque
580 793 648 846 rotis
665 792 792 846 insistere
809 791 903 845 vietor.

148 871 237 925 llreua
257 870 424 923 Pelethronii
445 869 577 938 Lapithae
595 886 730 938 gyrosque
749 868 852 922 dedere
967 881 1002 919 11⁶

148 947 264 1015 inpositi
282 947 371 1013 dorso,
391 951 475 1015 atque
495 947 617 1014 equitem
636 947 753 999 docuere
771 944 821 1000 sub
839 945 922 998 armis

148 1022 286 1077 Insultare
304 1023 368 1090 solo,
388 1027 417 1076 et
435 1040 545 1091 gressus
564 1023 716 1091 glomemre
734 1021 873 1091 superbos.

148 1101 263 1169 Aequus
281 1104 398 1168 uterque
417 1099 509 1165 labor;
528 1117 614 1168 aeque
633 1099 815 1167 iuvenemque
832 1096 956 1166 magistri

148 1177 304 1246 Exquirunt
324 1176 498 1244 calidumque
517 1177 613 1230 animis
631 1179 660 1230 et
678 1174 802 1229 cursibus
819 1191 917 1243 acrem,

148 1253 277 1317 Quamvis
295 1269 376 1320 saepe
395 1253 460 1319 fuga
479 1269 572 1307 versos
590 1253 636 1306 ille
654 1254 743 1320 egerit
760 1251 853 1317 hostis,
968 1263 1005 1304 m

58 1375 61 1380 .
148 1328 185 1383 Et
202 1329 318 1396 patriam
338 1329 450 1397 Epirum
469 1331 581 1397 reserat,
600 1329 735 1398 sortisque
753 1327 888 1396 Mycenas,

149 1405 325 1474 Neptunique
343 1407 402 1475 ipsu
421 1407 540 1462 deducat
558 1407 663 1474 origine
680 1410 799 1474 gentem.

184 1482 237 1534 His
255 1482 450 1537 animadversis
468 1485 573 1537 instant
591 1483 642 1536 sub
660 1487 777 1552 tempus,
795 1487 825 1536 et
842 1481 929 1534 omnis

149 1559 308 1626 inpendunt
328 1576 406 1613 curas
426 1560 511 1613 denso
531 1560 689 1613 distendere
708 1559 809 1628 pingui,

149 1635 237 1701 Quem
254 1636 346 1704 legere
366 1635 463 1690 ducem
482 1640 511 1689 ot
528 1637 620 1706 pecori
639 1635 735 1689 dixere
752 1635 895 1698 maritum
969 1647 1005 1685 ias

150 1711 340 1779 Florentisque
360 1716 453 1765 secant
471 1712 578 1780 herbas,
597 1711 746 1781 fluviosque
763 1711 919 1764 ministrant

150 1787 296 1856 Famaque,
317 1806 352 1842 ne
370 1788 471 1843 blando
490 1793 611 1858 nequest
630 1805 772 1858 superesse
790 1786 884 1852 labori,

149 1863 324 1934 Invalidique
343 1869 452 1935 patrum
472 1868 592 1920 reserant
610 1866 709 1918 ieiunia
726 1864 790 1918 nati.

150 1940 216 2010 lpse
234 1946 326 1996 autem
346 1943 431 1996 macie
450 1946 565 1996 tenuant
584 1947 708 1996 armenta
725 1939 855 2007 volentes,

151 2019 253 2086 Atque,
271 2018 318 2072 ubi
338 2019 496 2072 concubitus
514 2020 617 2088 primos
634 2019 688 2072 iam
705 2020 771 2070 nota
788 2016 913 2084 voluptas
971 2028 1006 2067 reo

150 2094 291 2162 Sollicitat,
311 2096 476 2165 frondesque
496 2099 598 2163 negant
616 2099 645 2147 et
662 2094 782 2148 fontibus
800 2096 900 2146 arcent.

151 2171 237 2239 Saepe
256 2172 339 2224 etiam
359 2189 441 2224 cursu
460 2172 589 2240 quatiunt
608 2177 637 2226 ct
656 2172 712 2224 sole
729 2170 854 2238 fatigant,

151 2246 220 2300 Cum
238 2248 360 2316 graviter
377 2249 464 2302 tunsis
483 2249 569 2316 gemit
589 2265 653 2301 arca
670 2247 801 2315 frugibus,
819 2250 925 2300 etcum

151 2322 315 2391 Surgentem
334 2325 370 2378 ad
390 2325 542 2394 Zephyrum
560 2325 655 2394 paleae
673 2324 809 2378 iactantur
826 2323 926 2376 inanes.

151 2398 213 2453 Hoc
230 2401 341 2468 iaciunt,
362 2403 444 2456 nimio
462 2417 497 2456 ne
515 2402 580 2455 luxu
600 2401 741 2456 obtunsior
758 2417 823 2454 usus
972 2415 1008 2453 1³⁵

151 2476 193 2530 Sit
210 2478 323 2547 genitali
342 2495 407 2532 arvo
426 2483 454 2532 et
473 2480 561 2532 sulcos
579 2479 693 2533 oblimet
710 2479 814 2546 inertis,

151 2552 207 2606 Sed
224 2554 313 2623 rapiat
332 2555 427 2609 sitiens
448 2557 585 2609 Venerem
603 2556 773 2624 interiusque
791 2552 929 2608 recondat.

188 2629 293 2683 Rursus
312 2648 377 2684 cura
395 2635 504 2701 patrum
524 2633 630 2698 cadere,
649 2635 678 2685 et
697 2631 842 2685 succedere
860 2633 978 2684 matrum

153 2705 258 2776 Incipit.
296 2707 406 2761 Exactis
424 2708 554 2776 gravidae
572 2725 633 2762 cum
652 2708 793 2762 mensibus
812 2712 913 2774 errant,

152 2781 214 2836 Non
231 2783 291 2836 illus
309 2785 438 2851 gravibus
457 2786 600 2854 quisquam
619 2786 683 2853 iuga
701 2784 802 2839 ducere
819 2783 955 2854 plaustris,
972 2795 1008 2835 140

152 2859 178 2912 N
180 2876 214 2913 on
233 2860 305 2914 saltu
324 2877 454 2928 superare
473 2863 542 2915 viam
562 2863 598 2916 sit
616 2877 712 2930 passus
731 2865 759 2916 et
777 2862 833 2916 acm'

153 2935 272 3002 Carpere
290 2941 372 3004 prata
389 2937 453 3006 fuga
471 2938 621 3007 fluviosque
641 2940 744 2993 innarc'
755 2939 865 3007 rapacis.

153 3011 275 3066 Saltibus
292 3012 321 3064 in
339 3014 431 3066 vacuis
447 3019 563 3083 pascunt
582 3019 610 3069 et
628 3016 709 3084 plena
728 3016 874 3069 secundum

153 3087 286 3157 Flumina,
305 3105 414 3144 muscus
432 3090 479 3143 ubi
498 3095 527 3144 et
545 3092 707 3145 viridissima
725 3093 847 3160 gramine
864 3091 931 3159 ripa,

153 3164 358 3234 speluncaeque
376 3168 479 3235 tegant,
498 3169 527 3220 et
545 3184 627 3220 saxea
645 3169 777 3236 procubet
794 3167 898 3221 umbra
974 3180 1008 3219 re

153 3240 203 3292 Est
220 3240 295 3292 lucos
314 3242 391 3294 Silari
410 3243 481 3295 circa
498 3243 658 3311 ilicibusque
676 3245 810 3297 virentem
