2290 3568
137 163 183 210 236
375 163 402 210 P.
422 163 573 211 VERGILI
592 165 757 214 MARONIS

139 241 196 294 lam
215 245 273 295 tum
293 241 387 310 religio
405 241 519 311 pavidos
537 244 661 298 terrebat
679 247 794 312 agrestis

139 317 204 371 llira
221 318 287 383 loci;
305 319 358 372 iam
377 322 437 372 tum
454 319 548 372 silvam
567 338 717 390 saxumque
736 322 899 376 tremebant.
951 337 985 376 aar

139 395 197 448 lloe
215 412 316 462 nemus,
335 396 412 463 hunc,
431 397 527 464 inquit,
546 397 673 450 frondoso
691 401 794 452 vertice
813 400 916 464 eollcm,

137 471 201 535 Quis
216 471 284 526 deus
298 474 432 526 incertum
448 476 498 539 est,
513 472 620 526 habitat
637 474 719 540 deus3
738 475 863 528 Arcades
879 475 968 544 ipsum

136 548 257 602 Credunt
275 566 305 602 se
323 549 423 602 vidisse
443 549 543 616 lovem,
563 566 624 602 cum
642 568 724 620 saepe
742 552 897 620 nigrantem

137 625 242 692 Aegida
260 629 418 679 concuteret
436 625 542 693 dextra,
561 627 723 696 nimbosque
741 629 832 682 cieret.

138 701 211 755 Haec
229 701 283 756 duo
301 706 444 770 praeterea
462 702 582 756 disiectis
601 704 700 772 oppida
717 706 809 771 muris,
949 719 984 758 asa

135 777 272 847 Reliquias
290 782 468 847 veterumque
486 779 564 832 vides
582 785 758 834 monumenta
775 782 901 834 virorum.

135 854 210 908 llanc
230 855 312 909 Ianus
330 859 416 924 pater,
434 855 503 909 hanc
521 856 654 909 Saturnus
673 857 796 910 condidit
813 874 918 921 arccm;

134 931 281 985 Ianiculum
300 931 369 995 huic,
389 931 427 983 illi
446 931 535 985 fuerat
554 933 683 986 Saturnia
699 950 805 986 nomen.

132 1007 239 1062 Talibus
257 1009 329 1062 inter
347 1026 376 1062 se
394 1009 474 1061 dictis
492 1009 528 1061 ad
546 1013 620 1062 tecta
639 1009 767 1062 subibant

134 1084 261 1152 Pauperis
281 1085 408 1151 Euandri,
428 1086 584 1154 passimque
604 1090 728 1139 armenta
746 1085 875 1138 videbant
945 1100 982 1138 suo

132 1161 306 1230 itomanoquo
324 1162 383 1214 foro
402 1173 431 1215 ct
449 1163 530 1214 lautis
548 1164 654 1229 mugire
673 1162 785 1216 Carinis.

132 1239 169 1292 Ut
187 1243 297 1292 rentum
316 1237 352 1290 ad
370 1238 462 1291 sedes:
488 1239 572 1305 llaec,
590 1239 685 1307 inquit,
704 1238 796 1290 limina
812 1238 898 1290 victor

131 1315 241 1368 Alcides
260 1314 349 1380 subiit,
368 1314 435 1367 hace
454 1314 530 1366 illum
549 1315 623 1381 regia
641 1315 720 1383 cepit.

132 1391 218 1458 Aude,
236 1391 342 1459 hospes,
360 1395 534 1443 contemnere
553 1407 625 1460 opes,
644 1395 673 1444 et
691 1395 720 1444 te
739 1406 848 1458 quoque
867 1389 979 1456 dignum

131 1467 214 1535 lh'nge
232 1466 292 1534 deo,
310 1467 447 1534 rebusquo
465 1467 526 1518 roni
544 1483 597 1519 non
615 1483 695 1534 asper
713 1466 813 1534 egenis.
943 1480 980 1518 eus

130 1544 211 1610 llisit,
230 1547 259 1597 ct
277 1543 385 1610 angusti
404 1542 499 1595 subter·
517 1543 625 1611 fastigia
644 1544 710 1596 tccti

131 1621 273 1687 lugentem
293 1621 404 1672 Aenean
423 1619 509 1683 duxit,
529 1621 677 1687 stratisque
696 1619 793 1672 locarit

129 1697 259 1750 Effultum
277 1697 347 1750 foliis
365 1701 393 1750 ct
411 1696 482 1765 pelle
503 1696 649 1764 Libystidis
668 1713 754 1748 ursae.

162 1773 223 1827 Nox
242 1775 304 1840 ruit,
323 1777 352 1826 et
369 1774 451 1826 fuscis
468 1773 593 1826 tellurem
612 1773 788 1841 amplectitur
805 1772 862 1824 alis.

130 1852 168 1903 At
181 1850 274 1903 Venus
287 1849 361 1902 haud
373 1851 462 1902 animo
475 1851 639 1918 nequiquam
654 1849 786 1902 exterrita
798 1851 894 1914 mater,
942 1861 977 1901 aro

129 1927 347 1994 laurentumque
366 1927 445 1978 minis
464 1930 493 1979 ct
511 1927 580 1978 duro
598 1930 672 1978 mota
689 1924 808 1977 tumultu

128 2002 276 2056 Volcanum
294 2002 457 2070 adloquitur,
476 2002 650 2070 thalamoque
668 2001 735 2053 haec
752 1999 873 2065 coniugis
892 2016 976 2052 aureo

128 2079 233 2148 Incipit,
252 2083 280 2132 ct
299 2078 378 2130 dictis
397 2079 518 2131 divinum
537 2079 660 2146 adspirat
678 2092 811 2130 amorem:

127 2155 197 2208 Dum
214 2155 285 2209 bello
306 2155 426 2222 Argolici
446 2155 590 2208 vastabant
612 2155 744 2221 Pergama
761 2167 840 2218 reges
898 2169 912 2198 ο

128 2232 226 2286 llebita
244 2249 406 2300 casurasque
424 2233 539 2285 inimicis
557 2231 665 2298 ignibus
683 2247 765 2295 arces,
940 2243 976 2282 sta

125 2309 185 2361 Non
203 2310 287 2362 ullum
306 2309 435 2362 auxilium
455 2308 566 2374 miseris,
586 2323 638 2358 non
657 2323 732 2358 anua
750 2304 841 2372 rogavi

128 2386 203 2438 Artis
221 2386 333 2454 opisque
352 2389 430 2450 tuae;
449 2401 499 2438 nee
518 2388 554 2448 te,
574 2383 711 2436 carissimo
729 2382 853 2443 coniunx,

127 2463 296 2515 incassumve
315 2466 376 2514 tuos
394 2462 465 2514 volui
484 2475 612 2512 exercerc
630 2456 744 2520 labores

125 2539 251 2602 Quamvis
270 2542 299 2591 et
319 2537 419 2590 Priami
438 2537 566 2590 deberem
586 2533 703 2602 plurima
720 2532 798 2595 natis,

126 2616 160 2668 m
177 2615 275 2668 durum
296 2617 406 2667 Aeneae
424 2613 558 2666 llcvissem
577 2626 658 2678 saepo
676 2608 804 2661 laborem.
937 2623 973 2661 aso

124 2691 148 2744 N
151 2709 201 2744 unc
221 2692 293 2744 lovis
311 2691 421 2757 inperiis
442 2687 603 2740 Rutulorum
622 2684 744 2738 constitit
762 2684 829 2736 oris:

123 2768 194 2836 Ergo
212 2768 307 2821 eadem
327 2767 440 2894 supplex
459 2765 543 2830 senio,
562 2766 591 2816 ct
610 2765 733 2814 sanetum
751 2760 817 2814 mihi
836 2776 936 2811 numen

124 2847 210 2898 Arma
228 2861 300 2932 rogo,
319 2842 444 2911 genetrix
464 2843 535 2893 nato.
572 2840 610 2892 Te
629 2839 685 2892 lilia
703 2837 794 2905 Nerei,

122 2921 160 2974 'lc
178 2924 267 2990 potuit
227 2919 402 2973 urtlacrimis
421 2917 545 2970 Tithonia
563 2917 674 2970 flectere
693 2915 814 2969 coniunx.

123 2998 227 3064 Aspice,
246 2997 293 3064 qui
311 2999 407 3048 cocant
424 2993 524 3083 populi,
544 3009 615 3061 quae
633 2991 739 3045 moenia
756 2989 853 3043 clausis
933 3004 969 3042 se

122 3073 236 3126 Ferrum
255 3075 353 3124 acuant
371 3077 433 3159 port
434 3072 457 3123 is
475 3071 502 3122 in
521 3087 565 3122 me
583 3068 787 3135 exscidiumque
804 3081 932 3118 meorum.

121 3149 276 3214 Dixerate
278 3147 393 3200 tnireis
411 3148 521 3200 hinet
492 3151 576 3215 atque
594 3145 657 3198 hinc
674 3144 737 3197 diva
755 3142 865 3196 lacertis

120 3190 297 3277 Cunctantem
317 3222 443 3289 anrplcxu
460 3222 534 3275 molli
553 3222 632 3274 fovet.
671 3220 722 3272 llle
739 3221 852 3286 repente
