2266 3562
415 155 619 204 GEORGICON
640 155 707 204 LIB.
727 155 749 204 1.
979 153 1007 204 27

153 241 254 297 Elicit?
271 238 318 295 illa
335 241 435 294 cadens
453 253 563 290 raucum
582 253 630 304 per
648 236 717 289 levia
735 252 856 289 murmur

153 320 225 372 Saxa
242 318 303 382 ciet,
323 316 509 383 scatebrisque
528 313 632 366 arentia
650 316 787 380 temperat
805 329 875 365 arva
975 326 1010 363 110

154 395 233 462 Quid,
252 395 305 462 qui,
323 409 359 446 ne
376 391 493 462 gravidis
512 389 672 456 procumbat
690 389 793 442 culmus
812 389 909 454 aristis,

156 470 301 524 biuuriem
320 474 443 538 segetum
461 472 558 520 tenera
576 465 699 534 depascit
716 468 743 520 iu
762 465 854 531 herba,

154 547 223 601 Cum
236 547 357 615 primum
376 546 463 599 sulcos
481 545 600 612 aequant
618 545 697 597 satal
716 545 816 612 quique
834 541 940 611 palude

154 623 303 677 Collectum
322 622 463 676 humorem
481 619 573 672 bibula
592 619 703 673 deducit
721 636 810 686 arena,

155 699 319 752 Praesertim
336 699 447 751 incertis
466 697 488 749 si
506 695 642 748 mensibus
660 697 747 749 amnis
764 695 904 749 abimdans
976 710 1011 747 11⁵

154 775 226 842 Exit,
245 779 275 828 et
292 774 410 828 obducto
428 774 484 826 late
502 775 580 825 tenet
597 773 686 825 omnia
703 772 773 836 limo,

154 850 236 906 Unde
254 867 335 904 carae
352 850 446 920 tepido
465 849 564 902 sudant
581 848 694 902 humore
712 850 841 902 luennaci

189 927 214 981 N
217 945 248 980 ee
254 931 353 994 tamen,
359 927 426 980 haee
433 943 494 979 erun
502 926 557 978 sint
564 922 1011 993 hominumquebournquelaberes

154 1003 298 1058 Versaudo
316 1007 419 1057 terram
438 1002 551 1070 experti,
570 1001 635 1056 nihil
653 1002 782 1070 inprobus
800 1017 879 1054 anser

154 1080 378 1149 Strymoniaeque
395 1096 476 1148 grues
495 1082 524 1132 et
542 1079 641 1131 amaris
658 1078 744 1132 intiba
762 1077 837 1130 fibris
976 1090 1012 1128 raa

154 1157 281 1210 Officiunt
299 1161 347 1209 aut
365 1155 462 1210 umbra
479 1159 566 1208 uocet.
604 1154 688 1208 Pater
705 1155 763 1223 ipse
781 1153 887 1208 colendi

155 1232 239 1286 Haud
257 1233 361 1286 facilem
380 1249 440 1286 esse
458 1233 527 1286 viarn
545 1232 637 1299 voluit,
655 1232 813 1301 primusque
830 1247 880 1297 per
898 1231 986 1282 artem

154 1309 242 1363 Movit
260 1327 346 1378 agros,
364 1310 435 1362 euris
454 1325 552 1362 aericus
570 1309 697 1362 mortalia
714 1309 804 1376 eorda,

155 1386 213 1438 Nec
230 1390 340 1454 torpere
359 1386 435 1453 gravi
454 1402 549 1453 passus
568 1401 615 1438 sua
634 1401 718 1452 regna
736 1387 856 1438 veterno.

155 1465 231 1516 Anto
250 1463 344 1516 Iovem
362 1463 427 1515 nulli
446 1461 608 1530 subigebant
625 1479 690 1516 arra
708 1462 796 1516 coloni
806 1481 813 1528 ;
978 1473 1013 1510 12⁵

155 1538 181 1591 N
183 1555 199 1592 e
217 1539 322 1607 signare
342 1538 452 1608 quidem
471 1543 518 1591 aut
537 1540 632 1608 partiri
651 1539 737 1593 limite
755 1555 879 1608 eampum

156 1614 209 1668 Fas
228 1619 300 1668 erat:
319 1615 347 1667 iu
365 1614 485 1668 medium
504 1615 682 1684 quaerebant,
700 1615 814 1684 ipsaque
831 1614 912 1667 tellus

156 1691 253 1745 Omnia
271 1691 389 1755 liberius,
407 1690 482 1744 nullo
500 1696 636 1760 poscente,
654 1692 767 1746 ferebat.

157 1767 208 1821 Ille
225 1767 326 1821 malum
345 1767 418 1820 tirus
437 1767 609 1836 serpentibus
627 1768 736 1823 addidit
754 1770 828 1834 atris,

155 1844 343 1913 Praedarique
361 1844 438 1913 lupos
455 1843 542 1913 iussit,
560 1848 729 1914 pontumque
747 1845 857 1908 moveri,

155 1921 293 1990 Mellaque
312 1921 431 1974 decussit
449 1921 528 1987 foliis,
546 1921 692 1990 ignemque
710 1921 833 1987 removit,

155 1996 192 2050 lit
210 1998 309 2066 passim
328 1997 392 2050 rivis
410 1998 548 2050 currentia
565 1998 627 2050 rina
644 1999 782 2066 repressit,

155 2073 196 2128 Ut
214 2075 301 2128 varias
319 2089 384 2126 usus
401 2074 560 2127 meditando
579 2073 745 2128 extunderet
762 2073 830 2126 artis

156 2149 299 2217 Paulatim,
319 2153 348 2204 et
367 2150 447 2204 sulcis
465 2151 595 2204 frumenti
614 2154 760 2220 quaereret
779 2148 900 2214 herbam,

155 2226 197 2280 Ut
214 2226 294 2280 silicis
314 2227 389 2280 venis
408 2227 562 2281 abstrusum
582 2227 730 2281 excuderet
748 2227 846 2294 ignem.
989 2243 1012 2282 at

155 2303 230 2357 'lune
247 2303 321 2356 alnos
340 2305 457 2372 primum
476 2304 550 2357 fluidi
569 2321 677 2358 sensero
695 2307 821 2367 cavatas;

156 2379 256 2434 Navita
274 2389 334 2434 tum
353 2381 440 2434 stellis
459 2397 585 2434 numeres
605 2386 634 2434 et
652 2381 761 2433 nomina
778 2379 851 2445 feeit,

157 2455 289 2523 Pleiadas,
311 2457 430 2526 Hyadas,
450 2459 605 2526 claramque
625 2458 755 2526 Lycaonis
775 2458 898 2520 rircton3

155 2533 224 2587 Tum
240 2533 346 2602 laqueis
365 2538 475 2604 captare
495 2535 575 2600 feras,
595 2539 624 2588 et
642 2533 736 2588 tulero
755 2533 826 2586 visco

156 2609 310 2677 Inventum,
331 2614 359 2664 et
377 2627 490 2679 magnos
510 2612 622 2665 canibus
641 2610 810 2663 circumdare
828 2609 918 2662 saltus.

156 2690 251 2755 Atque
269 2687 337 2741 alius
356 2687 442 2741 latum
461 2689 546 2742 funda
563 2690 616 2742 iam
636 2687 764 2741 verberat
781 2703 895 2748 amnem,

156 2763 224 2817 ulta
241 2769 346 2832 petens,
366 2765 517 2834 pelagoque
536 2766 604 2819 alius
622 2765 709 2819 trabit
727 2763 840 2816 humida
857 2762 919 2814 lina.

158 2837 224 2893 l‘um
242 2840 308 2894 ferri
325 2843 399 2910 rigor
418 2848 501 2912 atque
520 2847 634 2911 argutae
652 2841 753 2896 lamina
771 2857 906 2906 serrae,-

158 2917 228 2970 N'am
246 2919 326 2988 primi
345 2921 435 2973 cuneis
455 2919 615 2973 scindebant
634 2920 716 2972 fissile
735 2919 869 2986 lignum-

161 2992 225 3048 lum
244 2996 334 3048 vanae
353 3009 451 3050 venere
470 3001 550 3050 artes.
589 2995 679 3050 labor
699 2996 787 3048 emnia
805 2995 869 3048 vicit
989 3003 1019 3042 iu

158 3073 294 3142 inprobus
314 3077 343 3127 et
361 3071 435 3127 duris
453 3091 572 3142 urguens
590 3075 617 3127 in
636 3073 718 3126 rebus
738 3076 853 3142 egestas.

161 3149 252 3202 Prima
271 3147 354 3204 Ocres
372 3148 446 3202 ferre
464 3150 586 3204 mortalis
604 3152 713 3203 vertere
731 3153 833 3202 terram

161 3224 293 3292 Instituit,
311 3241 372 3284 curn
390 3225 443 3278 iam
462 3226 576 3293 glandes
594 3229 677 3293 atque
696 3223 794 3277 arbuta
811 3237 903 3276 sacrae
