2268 3570
398 167 584 216 AENEIDOS
602 167 671 216 LlB.
691 167 724 216 X.
937 167 982 216 273

131 249 248 302 Aenesi
266 249 355 314 vigila,
374 250 404 300 et
421 247 489 302 velis
507 247 627 302 immitte
645 248 779 303 rudentis,

131 325 187 380 Nes
205 342 304 392 sumus,
325 324 425 378 Idaeae
443 341 520 378 sacro
539 326 574 378 do
593 325 697 379 vertice
714 325 802 394 pinus,
948 341 984 382 aa

130 403 210 456 Nunc
227 401 315 471 pelagi
335 401 484 470 Nymphae,
504 402 597 454 classis
615 405 671 454 tua.
710 401 838 455 Perfidus
856 407 888 457 ut
905 421 954 458 nos

132 479 292 547 Praecipitis
310 479 383 531 ferro
403 478 522 531 Rutulus
541 477 705 546 flammaque
723 479 876 547 premebat,

132 555 264 624 Rupimus
281 554 382 608 invitae
401 557 450 608 tua
467 555 580 619 vincula,
599 558 683 622 teque
701 571 751 622 per
769 570 872 624 aequor

131 633 299 696 Quaerimus.
337 632 416 685 Hanc
435 632 568 685 Genetrix
587 631 683 683 faciem
702 633 833 686 miserata
850 634 955 699 refecit,

131 708 168 762 Et
186 708 264 762 dedit
282 725 343 762 esse
361 709 435 776 deas,
453 724 605 775 aevumque
625 709 731 774 agitare
751 709 801 762 sub
819 711 907 763 undis.
948 725 984 764 aaa

131 787 171 838 At
189 802 258 854 puer
279 786 412 838 Ascanius
430 801 509 837 muro
526 784 662 851 fossisque
681 788 793 838 tenetur

131 862 196 915 Tela
213 862 286 915 iuter
304 862 397 914 media
415 865 499 928 atque
520 860 658 913 horrentis
679 861 770 914 Marte
790 863 908 916 Latinos.

132 938 191 992 Iam
209 938 267 991 loca
285 939 357 991 iussa
381 939 461 990 tenet
488 938 553 990 lorti
571 937 725 1006 permixtus
746 939 861 992 Etmsco

133 1015 219 1068 Arcas
237 1031 328 1083 eques.
365 1013 472 1066 Medias
490 1013 543 1066 illis
562 1030 699 1082 opponere
717 1019 829 1084 turmas,

131 1091 157 1144 N
159 1109 174 1145 e
192 1091 290 1144 castris
307 1091 429 1159 iungant,
448 1093 524 1142 certa
542 1093 585 1142 est
604 1091 740 1144 sententia
760 1091 858 1145 Turno.
949 1107 985 1144 aar

132 1168 219 1234 Surge
237 1184 296 1235 age,
315 1171 343 1220 et
364 1168 472 1220 Aurora
490 1167 575 1218 socios
594 1167 720 1220 veniente
738 1169 827 1221 vocari

134 1243 240 1297 Primus
252 1244 280 1296 in
292 1260 368 1296 arma
380 1243 451 1310 iube,
465 1246 494 1296 et
505 1242 622 1311 clipeum
637 1259 710 1311 cape,
724 1260 805 1312 quem
819 1244 897 1298 dedit
908 1246 967 1312 ipse

133 1320 267 1374 Invictum
280 1319 450 1388 Ignipotens,
468 1321 553 1388 atque
569 1335 632 1372 oras
650 1318 748 1372 ambiit
766 1337 838 1375 auro.

133 1396 259 1450 Crastina
277 1397 331 1462 lux,
351 1413 412 1449 mea
430 1395 453 1448 si
471 1411 524 1449 non
540 1395 623 1448 inrita
641 1394 715 1448 dicta
733 1397 844 1464 putaris,
869 1425 874 1430 -

134 1473 258 1541 Ingentis
278 1474 398 1526 Rutulae
419 1471 554 1541 spectabit
572 1472 663 1525 caedis
682 1489 798 1527 acervos.
950 1487 985 1526 aaa

133 1549 261 1602 Dixerat:
280 1554 309 1603 et
328 1549 428 1602 dextra
446 1548 589 1601 discedens
617 1548 718 1616 inpulit
737 1549 828 1616 altam,

133 1625 218 1678 Haud
235 1625 330 1692 ignara
348 1624 430 1691 modi,
449 1623 569 1691 puppim.
607 1623 690 1691 Fugit
708 1624 755 1676 illa
772 1641 822 1692 per
840 1625 927 1677 landas

133 1700 214 1755 Ocior
233 1706 261 1755 et
279 1701 365 1754 ioculo
384 1704 413 1754 et
431 1704 528 1753 ventos
546 1705 682 1767 aequante
701 1701 811 1768 sagitta.

134 1777 204 1831 Inde
221 1779 291 1832 aliae
309 1777 430 1830 celerant
447 1791 550 1829 cursus.
586 1776 686 1843 Stupet
704 1776 805 1829 inscius
823 1778 880 1844 ipse

132 1854 199 1908 'lhos
219 1854 414 1918 Anchisiades;
432 1853 536 1906 animos
553 1855 646 1906 amen
665 1854 754 1906 omine
773 1853 852 1906 tollit.
951 1869 985 1904 aso

133 1931 201 1984 Tum
219 1931 340 1984 breviter
353 1945 451 2000 supera
462 1932 624 2000 adspectans
636 1946 755 1982 convexa
773 1933 914 1998 precatur:

135 2007 215 2061 Alma
232 2024 331 2076 parens
352 2007 435 2059 idaea
454 2006 544 2071 deum,
563 2006 607 2059 cui
625 2005 761 2073 Dindyma
779 2005 855 2058 cordi

133 2083 349 2151 'l'urrigeroeque
367 2082 449 2134 urbes
467 2081 610 2150 biiugique
628 2081 664 2134 ad
682 2082 759 2134 frena
779 2082 880 2149 leones,

133 2159 174 2212 Tu
191 2160 257 2213 mihi
276 2176 346 2212 nunc
366 2175 472 2226 pugnae
491 2158 625 2226 princeps,
644 2162 675 2210 tu
694 2159 748 2210 rite
767 2159 935 2227 propinques

135 2236 296 2303 Augurium,
312 2233 520 2302 Phrygibusque
533 2233 607 2285 adsis
619 2233 697 2300 pede,
711 2233 779 2300 diva,
794 2234 920 2288 secundo.
951 2250 985 2288 aaa

133 2311 250 2364 'lantum
268 2310 372 2364 effatus.
410 2309 446 2362 Et
464 2310 571 2362 interea
588 2309 713 2362 revoluta
731 2309 829 2362 ruebat

133 2387 243 2441 Matura
261 2387 315 2439 iam
333 2385 394 2439 luce
413 2385 479 2452 dies,
499 2388 662 2452 noctemque
680 2386 804 2452 fugarat:

135 2463 270 2531 Principio
289 2463 367 2516 sociis
386 2463 476 2530 edicit,
495 2462 572 2529 signa
592 2465 748 2530 sequantur,

26 2535 30 2542 ’
135 2543 228 2607 Atque
245 2541 349 2592 animos
368 2543 465 2607 aptent
484 2539 573 2603 armis,
593 2555 756 2606 pugnaeque
774 2543 873 2607 parent
891 2556 926 2596 se.

134 2617 248 2684 lamque
267 2615 294 2669 in
313 2619 461 2684 conspectu
481 2614 598 2668 Teucros
617 2614 701 2668 habet
720 2619 749 2668 et
767 2632 816 2667 sua
834 2620 931 2683 castra,
951 2630 986 2668 aso

70 2751 75 2760 ,
133 2693 214 2746 Stans
231 2693 303 2746 celsa
320 2693 348 2745 in
366 2693 459 2760 puppi,
478 2691 595 2760 clipeum
614 2707 675 2743 cum
695 2691 795 2745 deinde
814 2692 924 2745 sinistra

134 2770 241 2822 Extulit
258 2769 408 2822 ardentem.
446 2769 598 2822 Clamorem
616 2767 651 2820 ad
672 2768 762 2820 sidera
780 2769 881 2822 tollunt

133 2845 308 2899 Dardanidae
328 2863 343 2898 e
362 2845 462 2908 rriuris3
481 2861 542 2912 spes
560 2843 656 2897 addita
675 2845 790 2898 suscitat
807 2846 877 2911 iras3

134 2921 198 2976 Tela
215 2939 297 2975 manu
315 2922 431 2986 iaciunt3
450 2921 543 2989 quales
562 2920 612 2974 sub
630 2919 748 2974 nubibus
767 2922 834 2974 atris

133 2999 303 3068 Strymoniae
317 2998 385 3051 dant
398 2999 475 3065 signa
486 3013 575 3064 grues,
587 3001 671 3066 atque
684 2998 796 3051 aethera
809 3000 920 3051 tranant
949 3010 984 3049 aaa

134 3076 203 3129 Cum
222 3076 320 3142 sonitu,
339 3075 502 3142 fugiuntque
522 3072 609 3127 Notos
627 3074 744 3127 clamore
764 3073 890 3127 secundo.

137 3157 175 3207 At
194 3151 295 3206 Rutulo
313 3152 372 3220 regi
390 3151 559 3219 ducibusque
577 3167 610 3204 ea
627 3151 697 3202 mira
713 3150 801 3204 videri

137 3229 270 3294 Ausoniis,
290 3227 375 3282 donoc
393 3243 485 3282 versas
503 3226 538 3279 ad
556 3227 637 3281 litora
655 3227 754 3295 puppis
