2268 3570
134 147 180 195 258
370 141 399 190 P.
418 140 572 190 VERGILI
589 139 757 194 MARONIS.

134 225 256 294 Quisque
273 240 343 292 suas,
360 222 498 291 variisque
516 226 618 276 acuunt
634 222 790 276 rumoribus
807 224 868 276 iras.

134 303 206 366 Quin
224 302 284 371 ipsa
301 299 508 355 arrectis—visu
525 299 744 352 miserabile—in
762 299 848 353 hastis
946 312 982 352 see

135 379 294 445 Praefigunt
312 376 402 444 capitu
420 379 449 428 ct
466 374 553 428 multo
571 375 688 428 clamore
706 379 857 443 sequuntur

134 453 245 523 Euryali
263 457 293 507 et
311 452 379 506 Nisi.

135 530 282 584 Aeneadae
300 529 363 582 duri
380 544 519 581 murorum
537 527 565 580 in
582 531 662 596 purte
680 527 789 580 sinistra

134 606 293 676 Opposucro
311 605 503 671 aciem-nam
522 605 638 657 dextera
655 603 773 669 cingitur
790 603 900 654 amni—

135 683 314 751 lngentisquc
331 684 428 735 tenent
446 680 540 747 fossas,
558 683 588 733 et
604 678 727 732 turribus
745 678 807 731 altis
945 691 982 732 470

134 761 216 812 Stant
234 759 347 824 maesti;
371 757 451 810 simul
470 773 517 809 ora
535 757 623 808 virum
641 754 763 823 praefixa
780 754 934 819 movebant,

134 835 159 886 N
162 839 208 888 ota
226 835 307 887 nimis
325 834 432 912 miseris
450 836 565 900 atroque
583 831 696 884 fluentia
714 829 785 882 tabo.

169 912 281 965 Interea
298 911 426 980 pavidam
444 909 560 962 volitans
578 912 697 977 pennata
714 924 763 974 per
781 907 876 960 urbem

135 988 238 1041 Nuntia
258 988 343 1040 Fama
360 987 423 1052 ruit,
441 985 591 1053 matrisque
609 983 747 1036 adlabitur
766 983 839 1036 auris

135 1064 251 1132 Euryali.
288 1065 327 1116 At
346 1063 452 1116 subitus
470 1062 585 1114 miserae
603 1060 676 1113 calor
694 1077 754 1112 ossa
772 1059 897 1128 reliquit;
945 1072 981 1113 stt

137 1140 247 1192 Excussi
266 1139 390 1192 manibus
408 1138 486 1203 radii,
504 1137 680 1204 revolutaque
698 1152 788 1204 pensa
924 1147 927 1153 '

136 1215 232 1268 Evolat
250 1215 352 1278 infelix,
370 1217 399 1268 ct
416 1215 532 1266 femineo
549 1211 662 1277 ululatu,

135 1291 224 1344 Scissa
242 1307 352 1356 comam,
372 1306 463 1342 muros
481 1305 575 1342 umens
592 1292 676 1354 atque
693 1288 801 1355 agmina
819 1303 900 1341 cursu

137 1367 227 1419 Prima
245 1367 324 1437 petit,
342 1382 395 1418 uon
413 1365 459 1418 illa
479 1365 572 1429 virum,
590 1380 643 1416 non
661 1364 707 1416 illa
724 1364 820 1432 pericli

137 1444 315 1511 Telorumquc
332 1458 450 1505 memor;
475 1441 579 1493 caelum
597 1439 696 1492 dehinc
714 1439 856 1508 questibus
873 1438 973 1508 inplet:

137 1521 218 1573 Hunc
236 1536 286 1588 ego
304 1522 340 1585 te,
360 1517 482 1585 Euryale,
500 1517 619 1584 aspiciol
644 1520 709 1569 tune
727 1517 772 1569 illc
791 1519 916 1569 senectae

137 1597 203 1650 Sera
221 1613 297 1649 meac
310 1595 432 1664 requies,
451 1593 564 1662 potuisti
582 1593 705 1660 linquere
725 1592 815 1658 solam,

137 1673 278 1726 Crudelis?
303 1689 352 1726 nec
369 1677 405 1738 te,
424 1671 474 1724 sub
493 1673 570 1722 tanta
588 1668 708 1736 pericula
725 1669 844 1736 missum,

138 1748 234 1802 Adlari
253 1754 406 1802 extremum
424 1748 540 1799 miserae
559 1745 625 1797 dato
643 1745 719 1813 copia
737 1745 835 1799 matril

138 1825 207 1886 Heu,
226 1831 301 1878 terra
318 1825 411 1891 ignota
428 1823 539 1876 canibus
557 1821 622 1874 dote
640 1821 741 1889 praeda
760 1820 865 1874 Latinis
945 1835 982 1872 sse

139 1901 313 1969 alitibusque
331 1900 414 1952 iaces!
439 1915 488 1951 nec
506 1902 535 1951 te
553 1903 601 1950 tua
618 1897 714 1950 funera
731 1899 820 1949 mater

138 1977 265 2041 Produxi,
283 1976 404 2044 pressive
421 1975 519 2041 oculos,
538 1979 586 2028 aut
604 1974 712 2026 volnera
730 1973 791 2038 lavi,

138 2053 224 2106 Veste
242 2057 343 2120 tegens,
363 2051 413 2104 tibi
431 2067 513 2120 quam
531 2054 624 2103 noctes
642 2049 741 2102 festina
758 2048 872 2117 diesque

138 2128 296 2196 Urguebam
314 2132 343 2181 ct
361 2128 416 2180 tela
433 2143 511 2180 curas
529 2125 635 2179 solabar
652 2124 738 2178 anilis.

139 2206 198 2268 Quo
219 2206 334 2272 sequarl
359 2207 407 2257 aut
425 2220 495 2272 quac
513 2219 585 2255 nunc
602 2205 679 2254 artus
697 2201 843 2269 avolsaque
860 2200 984 2254 membre

139 2282 174 2334 Et
191 2281 272 2334 funus
289 2281 408 2333 laoerum
427 2279 509 2332 tellus
527 2278 628 2331 habeti
653 2278 714 2330 Hoc
732 2277 798 2329 mihi
817 2276 852 2330 de
870 2280 906 2343 te,

140 2359 219 2424 Nate,
237 2357 339 2410 relcrsl
364 2356 413 2409 hoc
432 2372 490 2408 sum
508 2359 637 2422 terraque
655 2353 778 2420 marique
796 2354 905 2406 secutal

142 2434 229 2502 Figite
246 2450 297 2500 me,
317 2433 338 2486 si
357 2449 411 2500 qua
429 2435 471 2484 est
489 2431 584 2498 pietas,
602 2430 629 2481 in
647 2446 691 2481 me
709 2429 799 2480 omnia
816 2429 873 2482 tela

139 2510 279 2576 Coniicitc,
298 2526 314 2562 o
334 2508 438 2572 Rutuli,
456 2523 500 2559 me
518 2505 634 2573 primam
653 2504 789 2556 absumite
807 2505 893 2568 ferro,

141 2589 199 2640 Aut
217 2589 255 2652 tu,
274 2599 371 2652 magno
389 2587 469 2652 pater
487 2581 586 2646 divom,
604 2580 741 2643 miserere,
759 2583 862 2648 tuoque
949 2595 985 2634 see

141 2662 261 2714 Invisum
280 2660 329 2713 hoc
348 2658 465 2712 detrudo
483 2661 565 2724 caput
583 2655 633 2708 sub
652 2654 765 2708 Tartara
783 2656 845 2722 tolo,

140 2737 254 2801 Quando
272 2736 352 2789 aliter
371 2751 476 2801 nequeo
495 2732 632 2784 crudelem
652 2730 814 2800 abrumpere
832 2733 923 2786 vitam.

142 2815 201 2866 Hoc
220 2813 285 2865 fletu
304 2810 426 2864 concussi
444 2809 534 2875 animi,
553 2812 726 2876 maestusque
744 2824 794 2875 per
812 2807 899 2862 omnis

143 2891 170 2943 lt
186 2890 320 2957 gemitus;
344 2889 454 2954 torpent
472 2885 603 2937 infractae
621 2884 656 2937 ad
674 2884 776 2952 proelia
794 2885 873 2937 vires.

142 2966 220 3018 ,lllum
239 2964 427 3017 incendentem
445 2962 535 3014 luctus
556 2961 654 3014 ldaeus
673 2965 701 3014 et
721 2962 807 3014 Actor
951 2974 989 3014 ooo

145 3041 238 3094 llionei
256 3040 359 3094 monitu
378 3043 406 3092 et
424 3038 539 3090 multum
555 3038 721 3091 lacrimantis
741 3037 794 3090 luli

143 3118 308 3186 Corripiuut,
321 3117 447 3184 interque
466 3131 561 3167 manus
580 3113 630 3166 sub
648 3118 722 3168 tecta
739 3116 882 3182 reponunt.
902 3161 906 3176 ,

179 3199 218 3248 At
236 3194 303 3248 tuba
320 3193 473 3248 terribilem
492 3193 609 3246 sonitum
627 3191 720 3260 procul
739 3207 802 3244 aere
821 3205 918 3244 canoro
