2266 3562
353 133 381 181 P.
402 133 555 180 VERGILI
572 133 737 184 MARONlS

111 213 152 266 M.
171 213 351 281 Cogitemus,
370 214 464 281 pueri;
483 213 505 266 si
524 213 565 266 lae
582 216 756 283 praeceperit
774 222 874 283 aestus,

111 290 151 344 Ut
164 307 263 358 nuper,
282 290 385 343 frustra
403 289 589 358 pressabimus
607 291 694 345 ubera
712 293 815 360 palmis

145 368 182 419 D.
192 366 263 432 Heu,
272 365 333 432 heu,
343 365 840 435 quampinguimacerestmihitaurus
847 373 874 424 in
882 376 961 424 ervo!

112 444 192 498 Idem
210 460 285 496 amor
304 443 419 496 exitium
437 443 528 516 pecori
547 444 708 512 pecorisque
726 447 865 514 magistro.
929 465 962 502 101

110 521 152 574 Μ.
167 521 219 573 llis
227 524 302 574 certe
312 537 404 589 neque
413 536 488 572 arnor
498 536 593 572 caussa
603 523 660 585 est;
670 521 715 573 vix
726 523 832 576 ossibus
841 524 964 580 haerent.

110 597 210 650 Nescio
228 597 288 665 quis
307 601 417 650 teneros
437 596 529 648 oculus
548 595 614 648 mihi
632 597 747 650 fascinat
767 615 862 667 agnos.

145 675 182 728 D.
200 673 257 741 Dic,
267 673 367 742 quibus
374 673 402 724 in
410 672 559 725 terris-et
567 672 621 725 eris
629 673 695 725 mihi
706 691 821 742 magnus
830 677 965 746 Apollo-

111 750 170 802 Tris
189 754 283 818 pateat
302 749 369 802 caeli
388 748 506 817 spatium
525 765 578 800 non
598 749 713 818 amplius
730 751 815 804 ulnas.
930 769 964 805 roa

109 826 151 880 M.
172 826 229 893 Dic,
250 826 349 895 quihus
368 825 396 878 in
415 824 497 877 terris
516 825 641 893 inseripti
660 827 769 879 nomina
787 845 882 895 regum

110 902 135 954 N
138 906 264 955 ascantur
282 902 370 966 flores,
389 904 418 954 et
438 900 561 968 Phyllida
580 902 652 955 solus
670 901 777 956 habeto.

145 979 181 1032 P.
201 979 263 1030 Non
282 982 405 1030 nostrum
423 977 496 1030 iuter
514 994 562 1030 vos
580 981 672 1032 tantas
690 995 842 1048 conponere
861 980 932 1034 lites.

111 1054 147 1107 Et
165 1054 251 1107 vitula
268 1057 300 1106 tu
319 1054 423 1121 diguus,
443 1057 472 1106 et
490 1053 541 1121 hie,
561 1058 589 1107 et
607 1055 730 1123 quisquis
748 1073 854 1108 amores

112 1133 170 1184 Aut
187 1133 294 1184 metuet
312 1129 405 1195 dulcis,
424 1133 471 1182 aut
490 1131 648 1197 experietur
666 1149 778 1185 ammos.
937 1149 967 1187 ut

111 1207 238 1261 Claudite
254 1207 308 1260 iam
326 1207 405 1272 rivos,
424 1206 517 1274 pueri:
537 1210 579 1258 sat
597 1211 678 1274 prata
696 1208 833 1262 biberunt.

394 1428 561 1486 ECLOG
570 1431 601 1484 A
627 1429 683 1486 IV.

467 1558 606 1606 sonmo.
750 1539 762 1569 ¹

112 1673 258 1727 Srcsmous
276 1672 381 1741 Musae,
399 1673 479 1740 paulo
498 1673 600 1726 maiora
618 1677 759 1727 canamus!

112 1751 173 1803 Non
191 1749 278 1802 omnis
296 1752 408 1802 arbusta
425 1749 518 1801 iuvant
537 1749 708 1816 humilesque
727 1749 860 1816 myricae;

112 1827 141 1880 si
159 1826 279 1879 canimus
298 1825 386 1892 silvas,
406 1825 488 1877 silvae
508 1825 563 1877 sint
583 1825 699 1878 Consule
719 1825 824 1892 dignae.

146 1903 252 1956 Ultima
271 1902 379 1968 Cymaei
398 1902 473 1954 venit
491 1901 544 1952 iam
564 1901 691 1953 carminis
710 1905 800 1965 aetas;

113 1981 227 2047 Magnus
245 1978 280 2030 ab
298 1978 406 2044 integro
425 1972 574 2030 saeclorrstn
593 1977 714 2030 nascitur
733 1977 807 2030 orde.
954 1995 966 2032 s

114 2056 173 2108 lam
192 2055 266 2108 redit
285 2057 313 2106 et
332 2053 425 2120 Virgo,
445 2052 563 2105 redeunt
581 2054 710 2107 Saturnia
727 2071 827 2121 regum

115 2133 174 2186 lam
191 2149 261 2184 nova
279 2125 424 2200 progenies
443 2130 517 2182 caelo
537 2130 693 2183 demittitur
712 2131 774 2184 alto.

113 2209 153 2262 Tu
171 2209 251 2261 modo
269 2205 391 2259 nascenti
410 2223 502 2273 pucr0,
522 2223 575 2274 quo
593 2206 683 2259 ferrea
701 2208 818 2274 primum

114 2285 227 2339 Desinet
245 2300 276 2336 ac
294 2286 352 2335 toto
372 2285 465 2349 surget
484 2299 551 2349 gens
570 2299 652 2336 aurea
670 2283 779 2342 mundo,

114 2362 196 2416 Casta
213 2361 273 2412 fave
293 2359 406 2412 Lucina:
426 2361 490 2410 tuus
508 2359 562 2410 iam
581 2363 679 2426 regnat
700 2359 804 2426 Apollo.
942 2375 967 2413 so

114 2437 206 2506 Teque
224 2437 293 2490 adeo
312 2435 394 2488 decus
412 2435 462 2486 hoc
481 2435 546 2498 aevi,
565 2438 594 2488 te
614 2435 737 2502 Consule,
756 2435 843 2502 inibit,

115 2515 206 2581 Pollio,
226 2517 254 2567 ct
272 2511 401 2580 incipient
420 2511 511 2578 magni
530 2512 678 2580 procedere
697 2529 818 2576 menscs;

114 2591 152 2644 l'e
170 2590 245 2656 duee,
264 2589 286 2641 si
305 2605 359 2656 qua
377 2591 488 2640 ruanent
508 2587 616 2641 sceleris
636 2588 750 2655 vestigia
768 2587 861 2654 nostri,

115 2667 204 2718 Inrita
222 2669 355 2733 perpetua
372 2663 476 2717 solvent
496 2664 641 2718 formidine
660 2668 754 2718 terras.

117 2743 166 2796 Ille
185 2741 266 2794 deum
284 2741 368 2794 vitam
386 2741 500 2809 accipiet
519 2741 642 2810 divisque
661 2741 764 2794 videbit
946 2753 969 2791 rs

116 2819 269 2872 Permixtas
287 2819 382 2871 heroas
401 2819 505 2886 etipse
525 2818 662 2871 videbitur
682 2818 741 2884 illis,

117 2895 300 2962 l‘acatumque
318 2899 396 2962 reget
413 2895 510 2964 patriis
529 2894 676 2947 virtutibus
695 2893 795 2946 orbem.

116 2972 156 3024 At
173 2971 223 3023 tibi
242 2971 336 3039 prima,
354 2989 429 3040 puer,
447 2972 521 3024 nullo
540 2971 699 3024 munuscula
717 2969 792 3022 cultu

116 3047 238 3102 Errantis
256 3047 372 3101 hederas
390 3049 490 3116 passim
510 3065 570 3101 eum
589 3047 720 3101 bacchare
738 3046 820 3099 tellus

116 3124 257 3192 Mixtaque
276 3124 377 3178 ridenti
396 3125 526 3178 colocasia
544 3124 640 3178 fundet
659 3123 781 3177 acantho.
945 3135 968 3173 ao

117 3200 197 3270 Ipsae
215 3201 285 3256 lacte
304 3201 414 3256 domum
433 3203 553 3256 referent
572 3201 693 3253 distenta
712 3197 830 3266 capellae
