2268 3570
131 157 175 203 282
371 156 399 204 P.
415 156 566 204 VERGILI
583 156 748 205 MARONIS

134 234 274 302 Fulgentis
293 235 380 304 clipei,
400 239 459 288 tum
478 235 584 289 laevum
602 236 724 304 perforat
740 235 856 304 inguen3

133 311 267 364 llxcussus
285 328 366 364 curru
385 312 564 365 moribundus
582 311 700 366 volvitur
717 313 797 366 arvis.
946 327 982 367 eeu

132 390 217 452 {luem
236 387 297 455 pius
317 390 427 440 Aeneas
446 388 527 442 dietis
545 389 656 442 adfatur
672 390 785 442 abieris:

133 463 246 531 Lucage,
267 464 341 516 nulla
360 469 421 516 tuos
440 481 535 517 currus
553 465 618 532 fuga
637 466 726 533 segnis
745 481 877 534 equorum

132 539 263 607 Prodidit,
282 544 330 594 aut
347 557 432 594 vanae
450 549 560 594 vertere
578 558 612 594 cn
631 541 755 594 hostibus
773 541 903 606 umbrae;

132 618 194 686 lpse
213 618 281 670 retis
299 618 399 670 saliens
417 618 481 686 iuga
499 617 612 671 deseris.
650 618 726 671 Haec
744 618 785 671 ita
802 619 876 672 latus

132 694 255 764 :lrripuit
274 694 396 762 biiugos;
420 696 506 748 frater
524 694 657 748 tendebat
675 695 788 748 inermis
944 711 980 750 ess

133 771 230 824 infelix
248 771 360 840 palmas,
380 789 461 824 curru
480 771 608 840 delapsus
626 771 735 825 codem:

132 848 183 900 i'er
200 851 237 911 te,
256 864 306 916 per
324 849 371 916 qui
389 852 418 900 te
437 848 521 900 talem
539 865 660 916 genuere
678 852 815 916 parentes,

133 923 181 976 l'ir
199 924 321 990 Troiane,
340 925 398 977 sinc
416 924 486 977 hanc
504 925 628 991 animem,
642 927 671 977 et
687 925 818 977 miserere
834 925 977 992 precantis.

134 1001 259 1054 l'luribus
276 1002 364 1054 oranti
384 1002 506 1054 Aeneas:
533 1001 617 1054 Haud
634 1001 701 1054 talia
719 1000 823 1053 dudum

131 1077 210 1130 Dicta
221 1077 313 1130 dabas.
349 1078 468 1144 Morere,
481 1081 509 1130 et
521 1077 635 1131 lratrcm
647 1094 683 1130 ne
695 1077 792 1130 desere
805 1079 899 1131 frater.
942 1092 979 1130 cuc

129 1154 205 1220 ¹lum,
223 1153 343 1206 latebras
361 1153 473 1220 animae,
492 1158 589 1222 pectus
607 1170 737 1207 mucrone
755 1154 879 1207 recludit.

129 1229 205 1282 'l'alia
221 1246 271 1298 per
289 1247 398 1298 cainpos
416 1229 518 1282 edebat
535 1230 632 1282 funera
650 1229 748 1283 ductor

133 1305 292 1368 Dardanide,
311 1307 441 1358 torrentis
460 1322 547 1374 aquae
566 1306 608 1359 vel
626 1306 745 1360 turbinis
763 1307 816 1360 atri

130 1382 207 1434 More
225 1382 324 1435 furens.
360 1382 480 1434 Tandem
500 1389 647 1450 erumpunt
666 1387 695 1436 ct
712 1389 803 1437 castra
819 1383 978 1451 relinquunt

131 1459 264 1511 Ascanius
281 1475 350 1527 puer
368 1464 396 1512 et
415 1459 580 1527 nequiquam
599 1459 711 1513 obsessa
728 1461 862 1514 iuventus.
941 1475 978 1513 scs

165 1535 295 1588 lunonem
313 1537 419 1589 interca
436 1535 581 1603 compellat
602 1537 727 1605 luppiter
745 1537 831 1591 ultro:

130 1610 153 1664 Ο
171 1629 301 1680 germani
319 1612 384 1664 mihi
402 1616 487 1680 atque
505 1611 602 1665 eadem
620 1613 777 1680 gratissima
794 1614 918 1681 coniunx,

131 1688 169 1742 Ut
187 1688 291 1755 rebare,
312 1689 490 1742 Vernis-nec
507 1694 537 1742 te
556 1691 692 1743 sententia
709 1689 780 1742 fallit
792 1718 811 1726 -

129 1765 258 1818 Troianas
276 1769 412 1818 sustentat
431 1782 504 1834 opes,
523 1783 577 1818 non
595 1766 685 1818 vivida
702 1766 774 1819 bello

133 1843 236 1895 Dextra
254 1843 318 1894 viris
336 1842 496 1909 animusque
515 1842 591 1894 ferox
610 1843 771 1910 patiensque
790 1844 890 1911 pericli.
941 1859 977 1896 eie

130 1919 180 1972 Cui
201 1919 269 1971 lune
288 1917 435 1970 submissa:
462 1918 541 1982 Quid,
560 1935 576 1970 ο
594 1918 774 1986 pulcherrime
793 1921 915 1986 coniunx,

129 1995 264 2049 Sollicitas
281 2011 391 2061 aegram
410 1997 439 2046 et
456 1997 505 2046 tua
522 1994 614 2046 tristia
632 1993 706 2048 dicta
724 1995 885 2050 timentem?

130 2072 157 2124 Si
176 2071 249 2137 mihi,
269 2087 338 2138 quae
353 2069 490 2138 quondam
506 2070 604 2136 fuerat,
622 2087 760 2140 quamque
778 2087 837 2124 esse
855 2072 976 2138 decebat,

95 2155 98 2160 '
132 2147 180 2200 Vis
198 2148 225 2200 in
244 2163 336 2200 amore
354 2147 433 2212 foret,
452 2162 511 2198 non·
524 2146 575 2200 hoc
593 2147 658 2199 mihi
677 2163 795 2214 narnque
814 2165 935 2216 negares,

130 2224 315 2293 Omnipotens,
334 2223 400 2292 quin
419 2227 447 2275 ct
465 2239 574 2291 pugnae
593 2222 745 2276 subducere
765 2225 892 2290 'l'nrmrm,
941 2239 976 2276 eis

133 2301 166 2354 Et
185 2299 280 2352 Dauno
298 2316 405 2368 possem
424 2299 584 2352 incolumem
604 2315 712 2353 servare
730 2301 844 2369 parenti.

131 2377 208 2430 Nunc
226 2381 330 2446 pereat,
351 2375 516 2442 Teucrisque
535 2375 579 2442 pic
598 2374 646 2427 det
666 2376 796 2443 sanguine
814 2392 924 2444 pacem.

131 2454 181 2506 llle
199 2459 291 2506 tainen
310 2457 404 2504 nostra
423 2450 535 2503 deducit
553 2451 658 2517 origine
677 2469 782 2516 nomen,

132 2531 325 2596 Pilumnusque
344 2527 382 2580 illi
402 2531 517 2596 quartus
535 2529 628 2594 pater;
653 2531 681 2580 ct
700 2531 747 2580 tua
765 2529 840 2596 larga

129 2610 216 2675 Saepe
235 2623 316 2658 manu
335 2603 482 2671 multisque
502 2602 624 2655 oneravit
642 2603 735 2656 limina
753 2603 836 2656 donis¹
942 2618 978 2655 sau

129 2684 179 2737 Oui
198 2700 247 2735 rex
266 2679 379 2733 aetherii
398 2679 520 2732 breviter
538 2679 576 2730 sic
594 2677 667 2730 fatus
687 2677 807 2748 Olympi:

129 2760 158 2814 Si
176 2775 252 2812 mora
270 2756 421 2826 praesentis
439 2755 487 2808 leti
505 2759 668 2824 tempusque
685 2754 786 2808 caduco

130 2835 231 2888 Oratur
249 2833 347 2902 iuveni,
366 2849 464 2902 meque
483 2833 532 2886 hoe
550 2832 590 2884 ita
608 2849 709 2900 ponere
728 2833 818 2899 sentis,

130 2912 203 2964 Tolle
222 2912 286 2978 luga
305 2910 424 2962 'lunium
443 2915 526 2978 atquc
544 2909 710 2962 instantibus
727 2910 802 2978 cripe
820 2908 890 2961 fetis.

132 2988 271 3041 Hactenus
290 2985 435 3039 indulsisse
453 2989 537 3038 vacat.
576 2985 622 3037 Sin
642 2985 722 3039 altior
740 2985 800 3038 istis
943 2996 978 3033 uas

131 3065 186 3118 ‘dnb
205 3062 330 3133 precibus
348 3063 426 3115 renis
444 3063 499 3115 ulla
516 3061 593 3127 latet,
612 3065 756 3131 totumque
772 3060 875 3114 moveri

132 3141 268 3194 Mutarive
286 3143 367 3208 putas
386 3137 496 3206 bellum,
516 3154 578 3206 spes
595 3140 683 3206 pascis
701 3138 793 3192 inanis

135 3220 167 3272 llt
186 3217 255 3269 Iuno
273 3213 466 3270 adlacrimans:
492 3212 573 3278 Quid,
593 3215 622 3279 si,
641 3232 710 3282 qnae
729 3229 794 3266 voce
811 3212 942 3280 gravaris,
1106 3191 1115 3532 ἶ
