2278 3568
115 169 162 217 134
348 167 377 214 Ρ.
398 163 551 212 VERGILI
574 163 740 212 MARONIS

114 246 279 316 Delphinum
297 247 397 301 caudas
415 249 494 298 utero
512 243 656 298 commissa
673 244 804 313 luporum

115 323 242 377 Praestat
261 323 390 376 Trinacrii
409 325 497 376 metas
515 321 634 374 lustrare
654 320 772 388 Pachyni

115 400 282 467 (lassantem,
300 400 394 467 longos
413 402 441 452 et
459 397 672 451 circumflectere
691 414 792 464 cursus,
934 413 969 454 100

115 476 202 540 Quam
220 476 304 530 semel
323 476 467 528 informem
486 478 563 526 vasto
582 473 683 528 vidisse
701 475 752 527 sub
770 478 850 530 antro

115 553 228 621 Scyllam
247 557 276 606 et
293 552 424 605 caeruleis
442 550 554 605 canibus
573 552 728 604 resonantia
747 569 818 606 saxa

116 629 270 696 Praeterea,
288 629 309 680 si
329 645 383 696 qua
402 631 445 682 est
464 627 571 680 llcleno
589 627 742 696 prudentia,
761 630 817 682 vati

62 709 65 723 '
115 705 143 759 Si
162 722 217 774 qua
235 705 311 770 fidos,
330 705 449 758 animum
468 705 491 757 si
510 705 582 757 veris
601 703 687 772 inplet
707 705 813 773 Apollo,

63 728 206 860 Quum
223 780 291 834 illud
310 781 369 849 tibi,
388 786 452 835 nate
471 781 530 849 dea,
549 797 655 850 proquo
673 779 798 834 omnibus
815 798 898 834 unum
934 797 970 836 aas

116 857 279 924 Praedicam,
292 861 320 910 et
333 862 460 927 repetens
473 859 628 925 iterumque
641 857 797 925 iterumque
809 857 936 912 monebo:
968 849 977 872 ⁸

115 931 225 987 lunonis
243 951 358 1002 magnae
375 935 493 1002 primum
511 949 593 1001 prece
610 949 709 985 numen
728 933 826 998 adora;

115 1009 211 1063 Iunoni
229 1027 295 1064 cano
313 1016 376 1064 vota
394 1010 481 1064 libens
499 1009 692 1076 dominamque
710 1012 850 1077 potentem

114 1085 285 1155 Supplieibus
304 1104 402 1156 supera
421 1086 512 1139 donis:
533 1086 571 1138 sic
589 1085 708 1152 deniquo
725 1085 811 1138 vietor

114 1161 251 1216 Trinacria
268 1164 329 1215 finis
349 1163 435 1215 italos
453 1162 564 1215 mittere
582 1161 684 1214 relicta.
932 1175 970 1214 410

114 1238 176 1292 Huc
194 1238 241 1291 ubi
260 1239 368 1291 delatus
388 1239 534 1306 Cymaeam
552 1237 698 1289 accesseris
716 1237 812 1290 urbem

114 1312 280 1383 Divinosque
298 1315 372 1367 lacus
392 1318 420 1367 et
440 1315 550 1366 Averna
569 1313 693 1364 sonantia
712 1313 793 1381 silvis,

115 1390 240 1442 Insanam
260 1393 350 1442 vatem
370 1390 492 1458 aspicies,
512 1406 582 1458 quae
600 1405 669 1457 rupe
687 1388 739 1441 sub
756 1389 811 1442 ima

114 1466 183 1519 Fata
201 1467 274 1519 canit
292 1465 418 1534 foliisque
436 1469 515 1518 notas
534 1469 563 1518 et
581 1465 690 1518 nomina
707 1465 827 1520 mandat.

49 1511 102 1598 Γ
114 1542 305 1612 Quaecumque
323 1543 351 1595 in
370 1542 440 1595 foliis
459 1541 604 1610 descripsit
621 1543 741 1596 earmina
759 1542 842 1611 virgo,
932 1558 968 1598 005

113 1619 221 1687 Digerit
239 1619 267 1672 in
287 1635 429 1672 numerum
449 1623 532 1688 atque
551 1623 629 1674 antro
648 1619 753 1672 seclusa
769 1619 908 1689 relinquit.

72 1743 80 1762 2
114 1695 167 1749 illa
184 1699 296 1749 manent
314 1696 417 1748 inmota
435 1695 500 1748 locis
518 1713 606 1764 neque
624 1695 659 1749 ab
677 1695 772 1749 ordine
789 1696 905 1763 ceduut;
1012 1689 1014 1694 ’

114 1770 217 1825 Verum
235 1772 338 1837 eadem,
357 1787 436 1825 verso
455 1773 545 1825 tenuis
564 1789 625 1825 cum
643 1772 754 1826 cardine
772 1775 870 1826 ventus

73 1854 86 1866 ''
115 1847 219 1916 inpulit
237 1851 266 1901 et
283 1851 393 1901 teneras
411 1846 533 1901 turbavit
551 1849 631 1901 ianua
649 1849 766 1915 frondes,

50 1931 63 1961 Υ
113 1923 268 1992 Numquam
288 1923 387 1976 deinde
405 1939 471 1976 cavo
489 1923 631 1978 volitantia
648 1925 784 1993 prendere
802 1941 874 1993 saxo,
931 1939 968 1978 000

113 1999 139 2051 N
142 2017 172 2052 cc
190 2017 316 2052 revocare
335 2001 403 2052 situs
421 2003 469 2052 aut
487 1999 600 2068 iungere
618 2000 738 2054 carmina
755 2004 846 2054 curat:

70 2054 86 2118 h
115 2075 262 2128 inconsulti
283 2076 393 2142 abeunt,
413 2076 561 2145 sedemque
580 2077 663 2131 odere
683 2076 806 2146 Sibyllae

115 2151 168 2204 Hie
186 2151 237 2205 tibi
256 2169 290 2205 ne
309 2168 363 2221 qua
380 2167 473 2205 morae
490 2152 592 2206 luerint
610 2153 754 2223 dispendia
771 2155 848 2220 tanti,

115 2227 241 2291 Quamvis
258 2229 423 2296 increpitent
440 2228 512 2296 socii,
531 2233 560 2284 et
578 2230 603 2282 vi
621 2247 716 2284 cursus
733 2230 761 2283 in
779 2231 863 2284 altum

108 2303 185 2356 .Vela
201 2308 280 2358 vocet
297 2304 438 2373 possisque
456 2305 529 2358 sinus
547 2305 651 2374 inplere
670 2306 809 2371 secundos,
928 2311 964 2351 ⁴⁵⁶

116 2379 185 2444 Quin
203 2380 287 2433 adeas
305 2385 395 2434 vatem
414 2380 593 2448 precibusque
610 2381 720 2434 oracula
736 2396 831 2448 poscas

116 2457 179 2525 lpsa
197 2460 283 2522 canat,
303 2472 451 2525 vocemque
469 2458 562 2510 volens
580 2461 664 2526 atque
682 2473 729 2509 ora
747 2455 870 2508 resolvat.

116 2533 168 2586 llla
185 2531 236 2585 tibi
256 2533 352 2586 ltaliae
369 2534 483 2602 populos
501 2536 670 2600 venturaque
688 2531 766 2598 bella,

116 2610 152 2663 Et
170 2625 222 2678 quo
241 2625 377 2678 quemque
395 2610 476 2663 modo
494 2609 636 2677 fugiasque
653 2607 781 2676 serasque
797 2607 926 2666 laborem,

115 2685 258 2754 Expediet,
277 2702 426 2755 cursusque
445 2685 523 2738 dabit
540 2686 670 2736 venerata
688 2683 827 2738 secundos.
930 2699 967 2738 000

116 2762 192 2816 Haec
211 2765 281 2828 sunt,
300 2779 371 2829 quae
389 2764 482 2815 nostra
499 2760 580 2812 licoat
597 2763 627 2813 te
644 2775 709 2813 voco
726 2761 835 2816 moneri.

114 2838 194 2891 Vade
212 2854 270 2906 age,
289 2842 318 2890 et
336 2839 474 2905 ingentem
493 2835 572 2888 laetis
589 2836 631 2889 fer
648 2835 685 2889 ad
701 2836 814 2891 aethera
832 2836 947 2891 Troiam.

150 2915 225 2979 Quae
243 2917 388 2981 postquam
407 2915 483 2965 vates
501 2911 604 2965 eicere
622 2911 721 2966 effatus
738 2914 825 2968 amico
843 2917 894 2980 est,

115 2989 193 3043 Deua
211 2988 307 3042 dehine
326 3005 391 3040 auro
409 2989 504 3055 gravia
521 2992 651 3058 sectoque
668 2989 813 3058 elephanto

116 3066 229 3134 Inperat
246 3063 282 3116 ad
300 3063 375 3116 navis
392 3063 467 3128 ferri,
485 3063 624 3133 stipatque
643 3067 739 3120 earinis
932 3078 967 3120 000

116 3142 218 3210 Ingens
236 3142 387 3206 argentum,
407 3139 623 3209 Dodonaeosque
641 3141 754 3208 lebetas,

116 3216 239 3272 Loricam
257 3217 409 3268 consertam
427 3214 514 3270 hairus
532 3233 652 3287 auroque
670 3217 794 3285 trilicem,
