2268 3570
395 166 582 218 AENEIDOS
603 171 672 220 LIB.
695 171 745 219 IX.
961 175 1008 225 255

149 245 205 302 Sed
223 267 351 320 magnum
369 257 495 308 metuens
513 269 542 306 se
560 256 623 321 post
641 256 747 307 cratera
764 255 889 322 tegebat:

150 322 265 380 Pectore
283 329 311 380 in
330 330 444 384 adverso
462 332 551 383 totum
570 329 613 382 cui
632 329 787 388 comminus,
800 347 891 385 ensem

149 400 280 457 Condidit
296 403 466 474 adsurgenti,
484 409 513 458 et
531 405 618 458 multa
636 410 724 460 morte
742 407 853 476 recepit.

150 477 317 546 Purpuream
333 483 419 537 vomit
436 483 481 536 ille
500 483 625 550 animam,
639 486 667 536 et
685 500 746 536 cum
765 485 894 552 sanguine
912 486 999 540 mixta

148 555 220 609 Vina
239 558 325 612 refert
343 561 475 624 moriens;
498 559 541 611 hic
560 559 633 612 furto
651 559 772 612 fervidus
790 560 881 614 instat.
962 577 999 615 aso

148 629 262 701 Iamque
281 635 317 688 ad
335 635 455 704 Messapi
473 635 559 688 socios
577 635 725 701 tendebat;
748 637 786 689 ibi
804 637 894 704 ignem

143 706 274 774 'Deficere
292 715 445 764 extremum
464 715 493 764 et
511 711 641 778 religatos
659 712 712 765 rite
731 712 843 766 videbat

147 783 267 854 Carpere
285 805 397 855 gramen
417 805 515 856 equos:
535 786 659 841 breviter
677 805 738 841 cum
756 789 822 843 talia
840 790 864 842 N
868 791 960 844 isus—

146 860 238 916 Sensit
256 865 328 917 enim
345 865 429 918 nimia
447 864 530 918 caede
550 868 633 932 atque
652 865 779 934 cupidine
796 866 898 918 ferri—

146 937 329 1007 Absistamus,
349 941 403 1004 ait;
428 957 490 992 nam
510 940 557 992 lux
575 940 684 993 inimica
703 941 877 1009 propinquat.
961 959 998 997 ssu

147 1013 299 1068 Poenarum
319 1017 483 1069 exhaustum
503 1016 570 1068 satis
588 1019 645 1080 est;
671 1017 715 1069 ria
732 1017 805 1070 faeta
822 1035 873 1086 per
891 1018 986 1074 hostis.

145 1090 234 1144 Multa
253 1092 341 1144 virum
360 1092 446 1146 solido
465 1095 578 1159 argento
596 1092 718 1159 perfecta
735 1093 894 1162 relinquunt

146 1169 287 1236 Armaque
306 1172 481 1236 craterasque
498 1167 578 1220 simul
596 1168 777 1237 pulchrosque
795 1172 911 1238 tapetas.

145 1242 279 1311 Euryalus
297 1245 422 1313 phaleras
442 1245 604 1298 Rhamnetis
622 1248 651 1298 et
669 1262 753 1298 aurea
770 1244 851 1300 bullis

144 1319 266 1388 Cingula,
285 1321 391 1375 Tiburti
411 1321 527 1374 Remulo
545 1321 698 1374 ditissimus
716 1321 780 1374 olim
961 1315 1011 1377 aeo‘

145 1395 220 1459 Quae
238 1398 326 1451 mittit
344 1398 423 1464 dona,
441 1397 559 1466 hospitio
578 1415 639 1450 cum
658 1398 785 1466 iungeret
803 1399 908 1466 absone,

144 1471 291 1538 Caedicus3
315 1474 361 1526 illc
380 1491 428 1527 suo
446 1474 565 1526 moriens
583 1473 633 1526 dat
651 1473 753 1527 habere
771 1475 879 1542 nepoti;

144 1547 210 1602 Post
228 1554 344 1603 mortem
363 1549 434 1603 bello
454 1549 550 1602 Rutuli
568 1566 714 1617 pugnaque
732 1551 826 1618 potiti;

145 1624 221 1677 Haec
239 1627 319 1694 rapit,
339 1630 422 1694 atque
440 1625 561 1677 humeris
580 1626 748 1693 nequiquam
766 1625 883 1678 fortibus
901 1629 986 1694 aptat.

76 1740 80 1747 .
144 1699 212 1752 'lum
230 1701 337 1768 galeam
356 1701 476 1768 Messapi
495 1699 615 1752 habilem
634 1701 778 1768 cristisque
797 1701 927 1754 decoram
959 1716 995 1754 aas

144 1776 247 1830 Induit.
284 1777 429 1831 Excedunt
448 1776 550 1838 castris,
570 1780 599 1828 et
617 1779 679 1828 tuta
697 1780 849 1844 capessunt.

178 1853 290 1906 Interea
307 1853 448 1922 praemissi
468 1853 574 1920 equites
593 1869 627 1905 ex
645 1851 713 1906 urbe
733 1852 837 1920 Latina,

143 1928 242 1982 Cetera
260 1929 324 1982 dum
344 1929 415 1996 legio
434 1929 536 1997 campis
555 1929 689 1982 instructa
707 1932 837 1996 moratur,

143 2005 226 2058 Ibant
244 2009 273 2059 et
292 2006 382 2058 Turno
401 2006 460 2072 regi
478 2021 610 2072 responsa
628 2004 762 2070 ferebant,

142 2081 329 2149 Tercentum,
349 2083 448 2134 scutati
467 2097 568 2146 omnes,
588 2081 735 2134 Volscente
753 2081 891 2148 magistro.
958 2097 994 2136 aaa

142 2158 256 2225 Iamque
274 2157 493 2226 propinquabant
514 2157 617 2222 castris,
637 2173 769 2224 muroque
788 2157 924 2225 subibant,
1022 2153 1025 2158 ’

141 2233 210 2287 Cum
228 2234 322 2302 procul
340 2233 389 2285 hos
408 2233 484 2284 laevo
504 2232 640 2284 flectentis
657 2231 746 2284 limite
764 2237 887 2300 cernunt,

142 2311 178 2362 Et
195 2309 273 2376 galea
292 2309 438 2377 Euryalum
458 2307 589 2360 sublustri
607 2307 695 2360 noctis
712 2307 741 2359 in
758 2308 857 2362 umbra

141 2385 268 2438 Prodidit
286 2385 462 2438 inmemorem
481 2383 620 2452 radiisque
638 2383 754 2437 adversa
771 2385 888 2439 refulsit.

141 2462 225 2514 Haud
249 2464 354 2516 temere
372 2464 416 2514 est
434 2461 531 2514 visum.
569 2459 728 2514 Conclamat
746 2461 781 2514 ab
800 2462 908 2530 agmine
927 2461 992 2516 Vol-

210 2555 300 2592 seens:
955 2554 992 2594 375

140 2613 226 2680 State,
246 2613 313 2678 viri;
338 2631 407 2682 quac
427 2629 522 2668 caussa
539 2613 617 2667 viael
641 2614 722 2681 quive
741 2615 807 2667 estis
825 2615 852 2666 in
872 2616 972 2670 armisl

140 2690 234 2754 Quove
252 2691 353 2744 tenetis
371 2691 425 2744 iter
432 2692 445 2744 l·
467 2690 541 2743 Nihil
560 2691 598 2742 illi
617 2690 732 2743 tendere
750 2695 853 2758 contra,

140 2766 196 2820 Sed
214 2766 334 2819 celerare
352 2767 445 2834 fugam
463 2767 491 2819 in
509 2767 590 2818 silvas
609 2771 638 2819 et
656 2766 742 2819 fidere
761 2769 840 2822 necti.

140 2841 280 2896 Obiioiunt
299 2843 407 2911 equites
426 2859 485 2896 sese
503 2842 539 2896 ad
558 2842 675 2895 divortia
692 2847 757 2896 nota

141 2919 213 2972 Hinc
221 2923 305 2988 atque
313 2919 383 2985 hinc,
394 2935 556 2986 omnemque
569 2917 674 2972 abitum
686 2919 800 2972 custode
809 2925 945 2976 coronant.
953 2936 990 2975 seo

140 2997 213 3049 Silva
231 2996 283 3048 fuit
302 2996 357 3048 late
376 2995 466 3048 dumis
484 2998 568 3062 atque
586 2995 647 3048 ilice
665 2996 744 3064 nigra

140 3072 268 3136 Horrida
288 3089 370 3140 quam
389 3071 468 3124 densi
487 3071 647 3138 conplerant
665 3072 787 3138 undique
805 3075 912 3139 sentem

140 3147 213 3201 Rara
230 3165 280 3215 per
297 3147 416 3201 occultos
434 3146 544 3200 lucebat
562 3147 660 3201 semita
677 3147 766 3201 calles.

139 3223 286 3295 Euryalum
305 3223 437 3280 tenebrae
456 3239 592 3278 ramorum
611 3239 779 3293 onerosaque
796 3224 900 3293 praeda
