2290 3568
135 163 181 210 214
371 165 398 212 P.
420 165 572 214 VERGILI
590 167 755 216 MARONIS

131 245 185 296 Ast
203 259 261 311 ego,
280 259 378 310 magna
397 244 470 297 Iovis
488 245 612 314 coniunx,
630 246 668 300 nil
686 247 811 317 linquere
829 251 954 306 inausum

132 320 205 384 Quae
223 321 300 389 potui
317 320 419 388 infelix,
439 338 509 390 quae
527 327 628 376 memet
646 324 674 376 in
693 327 783 379 omnia
800 329 879 396 verti,

133 398 231 450 Vincor
243 398 278 450 ab
292 399 394 452 Aenea.
432 398 511 463 Quod
524 400 546 450 si
560 417 620 464 mea
633 401 744 455 numina
755 419 808 455 non
821 407 885 458 sunt
947 419 983 457 aio

131 474 230 542 Magna
248 475 322 540 satis,
342 475 466 528 dubitem
484 475 557 528 haud
575 477 702 544 equidem
720 480 856 547 inplorare
874 481 949 550 quod

197 569 311 620 usquam
331 556 380 606 est.

129 630 254 684 Flectere
273 630 295 682 si
313 645 418 698 nequeo
437 628 562 697 Superos,
576 629 740 683 'Acheronta
757 633 877 688 movebo,

129 706 191 760 Non
210 705 321 759 dabitur
338 705 437 772 regnis,
456 710 522 771 esto,
541 705 687 774 prohibere
707 707 817 775 Latinis,

131 785 223 851 Atque
240 783 343 836 inmota
361 785 453 834 manet
471 781 536 834 latis
556 781 668 837 Lavinia
687 784 819 840 coniunx:

131 861 169 913 At
180 860 299 926 trahere,
312 863 395 928 atque
406 876 497 912 moras
509 861 594 912 tantis
606 859 670 913 licet
682 860 785 914 addere
797 862 895 928 rebus;
946 878 981 916 31⁵

129 939 168 990 At
186 937 249 991 licet
267 937 409 990 amborum
426 937 540 1005 populos
558 936 717 990 exscindere
735 954 838 1006 regum.

130 1014 189 1067 llac
206 1031 292 1082 gener
309 1017 392 1084 atquc
409 1030 485 1067 socer
503 1017 599 1066 coeant
617 1013 742 1066 mercede
761 1031 876 1068 suorum.

128 1091 263 1158 Sanguine
282 1091 395 1144 Troiano
414 1094 443 1144 et
462 1090 564 1143 Rutulo
583 1089 722 1157 dotabere,
740 1091 824 1158 virg0,

131 1167 164 1220 llt
184 1168 297 1220 Bellona
314 1171 407 1220 manet
425 1171 454 1220 te
472 1165 603 1234 pronuba.
640 1167 666 1218 N
668 1183 698 1218 ec
716 1167 774 1220 face
792 1171 899 1221 tantum

129 1244 225 1297 Cisseis
243 1261 393 1312 praegnans
410 1244 479 1310 ignis
498 1243 578 1294 enixa
594 1243 705 1308 iugalis;
945 1259 981 1297 ano

129 1321 200 1384 Quin
217 1321 290 1374 idem
311 1321 411 1374 Veneri
429 1324 524 1387 partus
543 1336 606 1371 suus
625 1322 654 1372 ot
674 1319 750 1373 Paris
769 1321 847 1389 alter,

131 1398 320 1465 llunestaeqne
337 1398 437 1449 iterum
456 1395 574 1448 recidiva
592 1397 619 1447 in
639 1396 773 1463 Pergama
791 1397 896 1452 taedae.

164 1473 241 1526 Haec
258 1474 305 1526 ubi
323 1473 396 1526 dicta
415 1472 499 1540 dedit,
518 1476 607 1525 terras
627 1472 762 1526 horrenda
780 1473 893 1542 petivit:

130 1550 287 1604 Luctificam
307 1551 414 1603 Allecto
433 1549 555 1603 dirarum
574 1549 609 1602 ab
628 1549 693 1602 sede
711 1549 824 1602 dearum

130 1627 303 1696 luternisque
320 1627 375 1680 ciet
393 1627 524 1694 tenebris,
545 1627 588 1680 cui
606 1626 697 1680 tristia
715 1626 786 1679 bella
950 1636 984 1676 are

130 1705 247 1772 Iraeque
264 1704 432 1773 insidiaeque
451 1708 480 1757 et
497 1705 610 1756 crimina
627 1704 707 1756 noxia
725 1703 808 1756 cordi.

130 1781 197 1835 Odit
215 1785 244 1834 et
262 1782 321 1849 ipse
338 1786 417 1850 pater
437 1780 541 1844 Pluton,
561 1779 644 1832 odere
663 1796 768 1832 sorores

89 1911 90 1914 ,
130 1859 276 1912 Tartareae
294 1861 460 1910 monstrum:
480 1860 523 1909 tot
542 1871 601 1908 sese
620 1855 704 1906 vertit
722 1855 750 1906 in
769 1872 822 1918 ora,

130 1936 196 1988 'lam
215 1951 311 1987 saevae
328 1933 417 1999 facies,
435 1935 478 1984 tot
496 1930 611 1998 pullulat
630 1933 690 1982 atra
707 1931 830 1984 colubris

131 2012 218 2075 Quam
238 2011 307 2063 Iuno
324 2009 367 2061 nis
385 2008 458 2060 acuit
475 2006 573 2072 verbis,
591 2023 622 2059 ac
639 2006 705 2058 talia
722 2006 809 2059 fatur:
946 2023 982 2063 sao

132 2088 212 2140 Hune
230 2086 296 2140 mihi
315 2085 351 2138 da
368 2084 516 2152 proprium,
536 2084 610 2150 virgo
628 2085 688 2136 sata
706 2083 801 2151 Nocte,
819 2083 948 2152 laborem,

132 2165 212 2217 Hane
230 2179 347 2232 operam,
366 2177 401 2214 ne
418 2163 511 2214 noster
530 2159 614 2212 honos
632 2160 780 2213 infractave
798 2160 879 2213 cedat

132 2243 216 2295 llama
234 2241 299 2308 loco,
318 2257 371 2292 neu
389 2238 528 2292 connubiis
547 2237 651 2291 ambire
671 2237 798 2290 Latinum

132 2318 279 2372 Aeneadae
297 2317 409 2384 possint,
428 2315 547 2368 Italosve
566 2314 692 2367 obsidere
709 2313 775 2365 finis.

131 2395 171 2448 Tu
190 2397 268 2462 potes
286 2393 426 2444 unanimos
445 2407 550 2444 armare
569 2391 596 2441 in
614 2389 717 2458 proelia
734 2389 833 2440 fratres
947 2402 984 2443 aas

134 2475 227 2540 Atque
246 2469 313 2522 odiis
331 2484 440 2521 versare
459 2468 559 2526 domos,
578 2469 610 2517 tu
628 2464 743 2518 verbera
762 2463 842 2516 tectis

133 2549 324 2612 llunercasquc
342 2544 442 2596 inferre
460 2544 540 2608 facee,
560 2541 610 2594 tibi
629 2540 737 2593 nomina
755 2539 837 2607 mille,

133 2623 207 2677 Mille
226 2621 340 2674 nocendi
359 2623 438 2672 artes
477 2617 635 2671 Fecundum
654 2620 767 2670 concute
783 2619 888 2685 peetus,

134 2699 232 2753 Disiiee
251 2697 419 2766 conpositam
437 2711 537 2764 pacem,
556 2711 616 2747 sere
634 2693 745 2747 erimina
763 2693 842 2758 belli;

134 2777 220 2828 Arma
236 2774 303 2828 velit
321 2777 470 2843 poscatque
489 2771 576 2838 simul,
595 2770 737 2838 rapiatque
754 2770 887 2822 iuventus.
949 2776 985 2815 3⁹2

168 2852 238 2906 Exin
257 2851 407 2918 Gorgoneis
427 2849 535 2903 Allecto
553 2847 654 2900 infecta
672 2847 783 2901 venenis

134 2929 271 2998 Principio
290 2929 397 2982 Latium
417 2931 445 2982 et
464 2925 608 2980 Laurentis
626 2927 699 2978 tecta
718 2925 825 2992 tyranni

135 3006 213 3060 Celsa
231 3005 310 3073 petit,
328 3005 497 3074 tacitumque
515 3001 623 3056 obsedit
641 3001 723 3055 limen
743 3002 869 3068 Amatae,

135 3084 222 3148 Quam
241 3098 323 3150 super
340 3081 460 3135 adventu
478 3081 612 3133 Teucrum
631 3077 769 3146 Turnique
786 3075 940 3145 hymenaeis

136 3160 280 3213 Femineae
298 3159 441 3213 ardentem
459 3172 593 3225 curaeque
611 3153 901 3224 iraeque'ccquebant.
951 3162 986 3202 aar

136 3236 208 3292 Huic
227 3235 279 3291 dea
297 3235 427 3291 caeruleis
446 3251 529 3288 unum
548 3233 583 3287 de
601 3230 719 3286 crinibus
738 3243 854 3298 anguem
