2268 3570
142 146 186 192 3³4
380 145 407 194 P.
428 145 578 193 VERGILI
597 145 759 194 MARONIS

142 225 196 279 Olli
215 225 354 293 sublimes,
373 225 456 277 armis
474 224 625 293 animisque
644 224 747 292 refecti,

142 301 197 355 Hic
214 300 305 369 gladio
324 300 420 366 fidens,
438 299 481 352 hic
499 316 562 353 acer
581 305 609 353 ct
628 300 731 352 arduus
748 300 844 374 hasta,¹

141 377 290 431 Adsistunt
308 381 403 430 contra
421 377 568 430 certamine
588 377 686 429 Martis
704 376 801 429 anheli.
958 393 996 436 m

177 454 310 506 Iunonem
329 453 433 506 interea
454 453 514 506 Rex
533 453 727 521 omnipotentis
747 451 855 521 Olympi

143 530 319 598 Adloquitur,
337 529 410 581 lulva
428 546 533 597 pugnas
552 528 587 582 de
606 530 679 582 nube
697 533 837 594 tuentem3

141 605 216 670 Quae
233 607 287 658 iarn
306 605 367 659 finis
386 606 447 671 crit,
466 606 600 659 coniunxi
620 605 686 673 quid
705 605 823 673 denique
841 609 947 662 restatl

141 682 295 751 Indigetem
315 685 428 736 Aenean
448 683 500 735 seis
518 683 584 750 ipsa,
605 685 634 734 et
652 682 721 734 scire
739 681 843 748 lateris,

140 757 242 812 Deberi
261 759 341 824 caelo,
361 759 480 827 fatisque
498 759 534 811 ad
552 757 643 811 sidera
661 757 726 811 tolli.
957 774 994 813 aas

140 834 212 898 Quid
231 835 332 888 struisl
352 837 399 887 aut
418 853 472 904 qua
491 852 539 903 spe
557 834 655 902 gelidis
673 834 701 886 in
719 832 837 886 nubibus
854 835 965 889 haeresi

139 909 274 964 Mortalin¹
295 911 388 964 decuit
407 912 502 964 violari
521 911 631 964 volnere
651 910 763 963 divuml
782 913 788 933 ⁸

140 987 198 1039 Aut
217 988 411 1054 ensem—quid
430 988 502 1040 enim
521 987 626 1040 sinete
646 987 762 1039 Iuturna
779 986 934 1042 valereti—

139 1061 271 1130 Ereptum
290 1063 368 1115 reddi
388 1063 486 1126 Turno,
500 1067 529 1116 ct
547 1063 601 1115 vim
619 1079 740 1116 creseere
758 1062 854 1116 victisl

139 1137 239 1191 Desine
251 1139 304 1191 iam
317 1137 437 1207 tandem,
449 1138 633 1207 precibusque
644 1139 785 1192 inflectere
797 1141 912 1203 nostris;
953 1157 992 1196 eoo

138 1214 163 1265 N
165 1231 195 1268 ee
213 1219 242 1269 te
260 1219 354 1269 tantus
372 1217 438 1270 edat
455 1217 566 1270 tacitam
586 1215 671 1281 dolor,
691 1219 719 1267 ct
737 1213 804 1268 mihi
822 1230 903 1269 curae

138 1291 223 1359 Saepo
241 1295 288 1344 tuo
306 1292 377 1345 dulei
395 1293 490 1347 tristes
508 1309 542 1345 ex
561 1307 608 1344 ore
623 1297 770 1345 recursem.

138 1366 257 1420 Ventum
278 1369 313 1420 ad
331 1386 487 1436 supremum
505 1373 554 1422 est.
592 1367 683 1420 Terris
703 1367 807 1434 agitare
826 1369 869 1424 vel
889 1369 969 1424 undis

137 1442 266 1496 Troianos
285 1445 407 1512 potuisti,
427 1444 569 1498 infandum
589 1443 738 1497 accendero
757 1443 867 1512 bellum,

137 1518 295 1573 Deformare
308 1521 426 1587 domum,
440 1525 468 1574 et
480 1521 555 1574 luctu
567 1521 683 1574 miscere
695 1520 871 1587 hymenaeos:
952 1533 989 1573 soe

137 1594 260 1649 Ulterius
280 1600 417 1665 temptare
437 1601 506 1652 veto.
552 1598 595 1650 Sic
617 1597 744 1666 Iuppiter
763 1613 855 1662 orsus;

136 1671 179 1724 sic
199 1672 251 1725 dea
272 1672 406 1726 submisse
425 1678 520 1726 contra
540 1674 669 1726 Saturnia
688 1671 777 1725 uoltu:

137 1747 194 1800 Ista
211 1749 322 1816 quidem
345 1751 409 1818 quia
426 1754 491 1804 nota
510 1750 577 1802 mihi
594 1753 650 1816 tua,
673 1765 777 1816 magne,
797 1749 930 1817 voluutas,

137 1823 268 1892 luppiter,
289 1829 317 1878 ct
338 1826 458 1878 Turnum
478 1830 507 1880 et
527 1831 618 1879 terras
635 1825 721 1878 invita
737 1825 850 1892 reliqui;

135 1900 193 1953 Nec
211 1905 241 1954 tu
263 1919 306 1955 me
324 1903 398 1956 acria
417 1903 500 1956 solam
522 1919 592 1955 nune
614 1902 679 1955 sede
699 1901 805 1954 videres
950 1917 988 1955 sle

137 1976 224 2044 Digna
243 1978 354 2046 indigna
375 1979 440 2047 pati,
464 1979 512 2031 scd
532 1978 648 2030 flammis
667 1979 755 2030 cincta
777 1976 826 2030 sub
847 1977 906 2044 ipsa

134 2051 240 2106 Starcm
264 2055 321 2108 acic
343 2055 535 2123 traheremque
553 2053 662 2107 inimica
680 2054 707 2105 in
727 2053 829 2120 proclia
849 2053 972 2107 Teucros

135 2128 277 2182 Iuturnam
298 2132 403 2197 misero,
425 2131 521 2198 fatcor,
542 2147 700 2184 succurrere
720 2129 797 2182 fratri

134 2203 218 2270 Suasi,
241 2211 269 2258 et
290 2224 339 2273 pro
360 2208 415 2260 vita
432 2208 535 2260 maiora
552 2207 654 2261 audere
674 2205 802 2274 probavi;

134 2280 195 2333 Non
213 2285 244 2334 ut
263 2282 318 2334 tela
337 2287 436 2345 tamen,
454 2299 507 2336 non
525 2287 557 2336 ut-
575 2282 755 2336 coutendcret
771 2296 879 2346 arcum;
948 2295 985 2334 ms

136 2357 240 2409 Adiuro
260 2358 346 2426 Stygii
365 2363 447 2427 caput
465 2359 625 2427 inplacabile
642 2358 731 2422 lentis,

133 2433 194 2486 Una
213 2436 373 2502 superstitio
392 2435 497 2502 superis
517 2452 587 2502 quae
605 2435 716 2488 reddita
734 2433 814 2487 divis.

136 2509 169 2562 lit
187 2527 258 2562 nuuc
277 2511 343 2563 cedo
363 2511 497 2578 equidem,
516 2525 676 2577 pugnasque
694 2525 777 2561 exosa
793 2509 926 2576 relinquo.

136 2585 261 2652 illudio,
281 2587 354 2639 milla
372 2587 421 2640 fati
440 2586 514 2653 quod
532 2586 592 2652 lege
611 2589 728 2650 tenetur,

136 2661 187 2713 Pro
206 2662 285 2714 Latio
304 2663 434 2729 obtestor,
454 2679 503 2729 pro
522 2662 665 2714 maiestate
684 2664 806 2714 tuorum:
946 2676 983 2714 sao

134 2735 202 2790 Cunr
220 2739 273 2791 iam
293 2739 432 2792 connubiis
450 2755 544 2805 paoem
562 2737 694 2804 felicibus,
713 2740 779 2803 esto,

134 2812 301 2882 (imponent,
321 2831 382 2867 cum
400 2815 454 2867 iam
473 2815 548 2882 leges
567 2819 595 2868 et
614 2814 724 2867 loedere
741 2813 862 2881 iungent‚

135 2890 159 2941 N
162 2907 177 2942 c
196 2894 275 2944 vetus
294 2892 436 2959 indigenas
454 2907 552 2944 nenren
571 2897 678 2944 mutare
697 2890 816 2955 Latinos,

135 2966 195 3020 Neu
214 2968 297 3022 Troas
316 2969 375 3022 lieri
393 2969 487 3022 iubeas
506 2969 677 3036 Teucrosque
696 2967 792 3033 vocari,

135 3043 192 3096 Aut
211 3061 302 3098 vocem
321 3049 427 3099 mutare
446 3045 523 3109 viros,
541 3048 589 3097 aut
607 3048 716 3097 vertere
730 3047 840 3096 vestem.
944 3057 981 3095 aas

133 3115 175 3170 Sit
195 3120 310 3188 Latium,
330 3122 384 3176 sint
403 3122 503 3175 Albani
521 3139 573 3190 per
591 3120 698 3174 saccula
715 3136 801 3186 reges,

133 3192 175 3246 Sit
195 3195 317 3252 Romana
334 3201 432 3267 potens
452 3197 523 3250 Itala
542 3197 644 3250 virtute
659 3209 793 3265 propago;
