2266 3562
418 138 622 186 GEORGICON
642 139 709 186 LlB.
727 139 764 185 ll.
979 139 1009 186 49

159 223 218 276 lloc
236 220 365 288 pinguem
384 222 413 272 et
430 219 559 287 placitam
579 219 643 272 Paci
661 219 779 272 nutritor
797 218 904 272 olivam.
974 233 1010 270 aas

193 298 277 350 Poma
295 312 412 364 quoque,
431 299 463 348 ut
481 295 598 363 primum
615 299 726 350 truncos
745 311 855 348 sensere
872 293 989 348 valentis

157 375 194 427 Et
212 373 278 426 viris
296 371 418 424 habuere
437 388 507 438 suas,
527 371 562 424 ad
582 372 673 425 sidera
691 372 790 441 raptim

159 451 193 503 vi
210 449 321 518 propria
340 449 467 501 nituntur
485 449 599 517 opisque
618 448 692 502 haud
711 449 805 515 indiga
822 452 939 502 uestrae

157 528 216 580 Nec
234 529 323 578 minus
343 525 449 578 interea
468 525 525 577 l'etu
544 541 639 578 nemus
657 542 736 578 onme
754 524 897 592 gravescit,

157 603 373 671 Sanguiueieque
392 601 495 654 incultu
514 601 614 654 rubent
633 602 735 654 aviaria
752 601 839 655 bacis:
975 614 1012 654 ao

157 681 317 734 Tondentur
335 679 422 748 cytisi,
440 679 536 732 taedas
555 679 622 732 silva
640 679 697 733 alta
714 679 862 741 ministrat,

158 757 364 825 Pascunturque
384 756 461 824 ignes
480 756 605 809 nocturni
625 760 654 809 et
671 756 775 809 lumina
791 753 923 808 fundunt:

157 833 193 887 m
211 832 339 886 dubitant
358 833 482 886 homines
500 850 591 886 serere
610 838 694 902 atque
714 831 862 902 inpendero
881 831 991 884 curaml

157 909 231 974 Quid
249 911 352 962 maiora
371 911 487 978 sequarl
508 909 604 963 salices
621 908 793 977 humilesque
812 911 948 975 genestae,

157 988 217 1040 Aut
235 987 297 1040 illae
315 987 407 1055 pecori
427 987 552 1040 frondem
570 990 618 1038 aut
637 985 792 1054 pastoribus
811 983 921 1037 umbras
976 997 1012 1034 aas

157 1063 305 1127 Sufficiunt,
326 1079 490 1132 saepemque
510 1063 576 1116 satis
595 1066 624 1116 et
641 1062 741 1130 pabula
760 1060 840 1114 melli.

157 1139 194 1193 m
211 1139 287 1192 iurat
305 1140 456 1192 initiantem
475 1139 548 1192 buxo
567 1143 691 1208 spectare
710 1139 839 1207 Cytorum

157 1215 345 1284 Naryciusque
365 1216 432 1283 picis
451 1215 533 1283 lucos,
552 1216 627 1268 iuvat
646 1232 711 1268 arva
729 1215 821 1268 videre

157 1291 218 1346 Nou
238 1292 341 1359 rastris,
361 1292 500 1346 homiuum
520 1309 573 1345 nou
592 1292 639 1344 ulli
658 1291 775 1346 obnoxia
792 1308 880 1344 curae.

158 1368 240 1436 Ipsae
260 1369 389 1422 Caucasio
408 1369 515 1422 steriles
534 1369 562 1421 iu
582 1370 683 1422 vertice
702 1369 792 1435 silvae,
977 1380 1013 1419 aa

158 1443 232 1508 Quas
250 1445 364 1499 animosi
385 1446 450 1498 Euri
469 1445 585 1499 adsidue
604 1446 788 1514 franguntque
807 1445 960 1512 feruntque,

158 1520 232 1574 Dant
250 1522 317 1574 alios
335 1523 405 1574 aliae
424 1523 505 1589 fetus,
525 1523 592 1576 dant
611 1523 680 1575 utile
700 1521 804 1588 lignum

158 1596 279 1664 Navigiis
297 1599 381 1666 pinos,
402 1598 527 1651 domibus
547 1599 715 1665 cedrumque
734 1613 945 1664 cupressosque;

160 1671 232 1726 Hinc
249 1674 340 1727 radios
359 1675 461 1728 trivere
481 1676 555 1738 rotis,
575 1675 636 1727 hine
655 1678 784 1742 tympana
801 1672 932 1741 plaustris

160 1750 312 1817 Agricolae,
332 1756 361 1804 et
379 1751 484 1819 pandas
502 1752 607 1804 rabbus
625 1767 740 1820 posuere
754 1750 872 1814 carinam
977 1762 1014 1800 aas

159 1825 313 1880 Viminibus
333 1827 427 1881 salices
445 1827 587 1894 faciundae,
607 1825 749 1880 frondibus
767 1825 841 1892 ulmi,

160 1907 199 1955 At
217 1907 322 1970 myrtus
342 1904 439 1958 validis
457 1904 602 1958 hastilibus
622 1909 650 1957 et
668 1902 740 1956 bona
758 1902 829 1956 bello

159 1979 279 2044 Cornum
301 1981 428 2034 ituraeos
447 1981 505 2034 taxi
524 1984 689 2048 torquentur
707 1980 734 2032 in
753 1996 846 2044 arcus3

160 2055 217 2108 Nec
235 2056 310 2109 tiliae
330 2057 404 2112 leves
422 2062 470 2112 aut
489 2061 568 2110 torno
587 2057 668 2110 rasile
687 2056 789 2110 buxum

159 2131 221 2185 Non
239 2133 354 2187 formam
373 2135 510 2203 accipiunt
528 2134 656 2201 ferroque
674 2137 805 2187 cavantur
823 2136 917 2197 acuto;
979 2147 1015 2186 seo

160 2208 289 2261 Necnon
309 2213 337 2263 et
357 2213 509 2264 torrentem
528 2211 629 2263 undam
649 2210 715 2262 levis
735 2209 841 2262 innatat
860 2209 944 2273 alnus,

160 2286 244 2338 llissa
263 2287 353 2352 Pad0;
375 2305 425 2341 nee
444 2305 498 2340 non
518 2293 546 2342 et
564 2304 628 2355 apes
648 2285 771 2340 examina
789 2284 910 2339 condunt

160 2363 369 2432 Corticibusque
389 2365 460 2418 cavis
479 2365 649 2431 vitiosaeque
668 2361 735 2414 ilicis
753 2361 837 2414 alveo.

160 2438 232 2502 Qorid
250 2440 456 2494 memorandum
477 2458 564 2511 acque
584 2438 717 2494 Baccheia
736 2437 807 2492 dona
824 2438 963 2492 tuleruntl

160 2515 282 2568 Bacchus
301 2520 330 2570 et
348 2517 384 2570 ad
403 2518 509 2584 culpam
529 2533 637 2570 caussas
657 2515 748 2568 dedit:
770 2514 815 2568 ille
833 2514 949 2568 furentis
978 2528 1015 2567 aas

160 2591 311 2646 Centauros
329 2594 385 2648 leto
405 2595 518 2661 domuit,
540 2593 733 2660 Rhoetumque
754 2590 922 2659 Pholumque

160 2667 196 2720 Et
214 2686 311 2737 magno
333 2671 467 2739 Hylaeum
489 2671 611 2738 Lapithis
631 2673 738 2723 cratere
758 2669 914 2721 minantem.

195 2745 217 2797 (l
237 2745 389 2800 fortunatos
408 2749 528 2816 nimium,
549 2765 597 2800 sua
616 2747 638 2800 si
656 2747 727 2798 bona
745 2744 842 2810 norint,

162 2821 311 2894 Agricolas,
331 2824 429 2892 quibus
449 2825 515 2892 ipsu,
534 2823 627 2892 procul
647 2820 818 2875 discordibus
836 2821 926 2885 aruris,

161 2897 263 2952 Fundit
282 2898 364 2954 hume
384 2901 488 2956 facilem
508 2901 609 2954 vietum
628 2899 774 2954 iustissima
793 2897 887 2953 tellus!
980 2910 1015 2949 sm

161 2973 190 3026 ai
207 2991 261 3028 non
279 2977 417 3044 ingentem
436 2977 541 3030 foribus
560 2977 657 3030 domus
675 2975 731 3029 alta
752 2973 875 3044 superbis

161 3051 243 3106 Mane
262 3053 428 3108 salutantum
448 3053 514 3107 tetis
533 3053 618 3106 remit
635 3052 749 3106 aedibus
768 3052 877 3118 undam,

162 3129 220 3182 Nee
238 3129 326 3182 varios
344 3129 450 3183 inhiant
468 3129 582 3196 pulchra
600 3129 738 3184 testudine
756 3129 851 3197 postis,

162 3204 325 3276 Iulusasque
343 3222 408 3260 auro
427 3209 524 3270 vestes,
545 3205 733 3275 Ephyreiaque
751 3222 823 3272 aera,
