<?xml version="1.0" encoding="UTF-8"?>
<!DOCTYPE html PUBLIC "-//W3C//DTD XHTML 1.0 Transitional//EN"
    "http://www.w3.org/TR/xhtml1/DTD/xhtml1-transitional.dtd">
<html xmlns="http://www.w3.org/1999/xhtml" xml:lang="en" lang="en">
 <head>
  <title>
</title>
<meta http-equiv="Content-Type" content="text/html;charset=utf-8" />
  <meta name='ocr-system' content='tesseract 3.04.00' />
  <meta name='ocr-capabilities' content='ocr_page ocr_carea ocr_par ocr_line ocrx_word'/>
</head>
<body>
  <div class='ocr_page' id='page_1' title='image "./operaexrecensio01virggoog_0144.png"; bbox 0 0 2278 3568; ppageno 0'>
   <div class='ocr_carea' id='block_1_1' title="bbox 424 185 1021 234">
    <p class='ocr_par' dir='ltr' id='par_1_1' title="bbox 424 185 1021 234">
     <span class='ocr_line' id='line_1_1' title="bbox 424 185 1021 234; baseline 0.003 -2"><span class='ocrx_word' id='word_1_1' title='bbox 424 185 606 232; x_wconf 78' lang='lat' dir='ltr'><strong>AENEIDOS</strong></span> <span class='ocrx_word' id='word_1_2' title='bbox 624 185 692 234; x_wconf 87' lang='lat' dir='ltr'>LIB.</span> <span class='ocrx_word' id='word_1_3' title='bbox 713 185 766 234; x_wconf 90' lang='lat'>111.</span> <span class='ocrx_word' id='word_1_4' title='bbox 976 187 1021 234; x_wconf 81' lang='lat'><strong>133</strong></span> 
     </span>
    </p>
   </div>
   <div class='ocr_carea' id='block_1_2' title="bbox 65 265 1031 3312">
    <p class='ocr_par' dir='ltr' id='par_1_2' title="bbox 65 265 1024 716">
     <span class='ocr_line' id='line_1_2' title="bbox 65 265 861 338; baseline -0.003 -18"><span class='ocrx_word' id='word_1_5' title='bbox 65 323 69 332; x_wconf 57' lang='grc'><strong>,</strong></span> <span class='ocrx_word' id='word_1_6' title='bbox 173 265 256 338; x_wconf 76' lang='lat' dir='ltr'><strong>Signa</strong></span> <span class='ocrx_word' id='word_1_7' title='bbox 273 266 324 320; x_wconf 91' lang='lat' dir='ltr'><strong>tibi</strong></span> <span class='ocrx_word' id='word_1_8' title='bbox 341 266 445 332; x_wconf 88' lang='lat' dir='ltr'><strong>dicam;</strong></span> <span class='ocrx_word' id='word_1_9' title='bbox 465 269 497 320; x_wconf 90' lang='lat' dir='ltr'><strong>tu</strong></span> <span class='ocrx_word' id='word_1_10' title='bbox 515 265 624 320; x_wconf 88' lang='lat' dir='ltr'><strong>condita</strong></span> <span class='ocrx_word' id='word_1_11' title='bbox 643 269 735 320; x_wconf 89' lang='lat' dir='ltr'><strong>mente</strong></span> <span class='ocrx_word' id='word_1_12' title='bbox 753 270 861 320; x_wconf 90' lang='lat' dir='ltr'><strong>teneto:</strong></span> 
     </span>
     <span class='ocr_line' id='line_1_3' title="bbox 171 341 868 396; baseline -0.001 0"><span class='ocrx_word' id='word_1_13' title='bbox 171 342 239 396; x_wconf 77' lang='lat' dir='ltr'><strong>(lum</strong></span> <span class='ocrx_word' id='word_1_14' title='bbox 257 341 308 396; x_wconf 89' lang='lat' dir='ltr'><strong>tibi</strong></span> <span class='ocrx_word' id='word_1_15' title='bbox 326 342 441 396; x_wconf 90' lang='lat' dir='ltr'><strong>sollicito</strong></span> <span class='ocrx_word' id='word_1_16' title='bbox 459 343 558 396; x_wconf 79' lang='lat' dir='ltr'>secreti</span> <span class='ocrx_word' id='word_1_17' title='bbox 576 343 612 396; x_wconf 88' lang='lat' dir='ltr'><strong>ad</strong></span> <span class='ocrx_word' id='word_1_18' title='bbox 631 343 749 396; x_wconf 88' lang='lat' dir='ltr'><strong>fluminis</strong></span> <span class='ocrx_word' id='word_1_19' title='bbox 766 342 868 396; x_wconf 87' lang='lat' dir='ltr'><strong>undam</strong></span> 
     </span>
     <span class='ocr_line' id='line_1_4' title="bbox 170 418 1024 486; baseline 0.004 -15"><span class='ocrx_word' id='word_1_20' title='bbox 170 418 286 472; x_wconf 81' lang='lat' dir='ltr'><strong>Litoreis</strong></span> <span class='ocrx_word' id='word_1_21' title='bbox 304 419 401 486; x_wconf 84' lang='lat' dir='ltr'><strong>ingens</strong></span> <span class='ocrx_word' id='word_1_22' title='bbox 419 419 529 472; x_wconf 89' lang='lat' dir='ltr'><strong>inventa</strong></span> <span class='ocrx_word' id='word_1_23' title='bbox 548 419 598 473; x_wconf 92' lang='lat' dir='ltr'><strong>sub</strong></span> <span class='ocrx_word' id='word_1_24' title='bbox 617 419 722 472; x_wconf 89' lang='lat' dir='ltr'><strong>ilicibus</strong></span> <span class='ocrx_word' id='word_1_25' title='bbox 741 435 786 472; x_wconf 90' lang='lat' dir='ltr'><strong>sus</strong></span> <span class='ocrx_word' id='word_1_26' title='bbox 989 435 1024 474; x_wconf 77' lang='lat' dir='ltr'><strong>aso</strong></span> 
     </span>
     <span class='ocr_line' id='line_1_5' title="bbox 170 495 747 562; baseline 0.003 -15"><span class='ocrx_word' id='word_1_27' title='bbox 170 495 295 562; x_wconf 78' lang='lat' dir='ltr'><strong>Triginta</strong></span> <span class='ocrx_word' id='word_1_28' title='bbox 312 495 431 562; x_wconf 78' lang='lat' dir='ltr'><strong>capitum</strong></span> <span class='ocrx_word' id='word_1_29' title='bbox 450 496 523 548; x_wconf 86' lang='lat' dir='ltr'><strong>fetus</strong></span> <span class='ocrx_word' id='word_1_30' title='bbox 542 496 621 548; x_wconf 85' lang='lat' dir='ltr'><strong>enixa</strong></span> <span class='ocrx_word' id='word_1_31' title='bbox 639 496 747 562; x_wconf 85' lang='lat' dir='ltr'><strong>iacebit,</strong></span> 
     </span>
     <span class='ocr_line' id='line_1_6' title="bbox 170 571 868 638; baseline 0 -14"><span class='ocrx_word' id='word_1_32' title='bbox 170 571 251 638; x_wconf 77' lang='lat' dir='ltr'><strong>Alba,</strong></span> <span class='ocrx_word' id='word_1_33' title='bbox 272 572 329 625; x_wconf 89' lang='lat' dir='ltr'><strong>solo</strong></span> <span class='ocrx_word' id='word_1_34' title='bbox 348 571 487 636; x_wconf 79' lang='lat' dir='ltr'>recubans,</span> <span class='ocrx_word' id='word_1_35' title='bbox 506 572 562 625; x_wconf 83' lang='lat' dir='ltr'><strong>albi</strong></span> <span class='ocrx_word' id='word_1_36' title='bbox 580 573 681 625; x_wconf 87' lang='lat' dir='ltr'><strong>circum</strong></span> <span class='ocrx_word' id='word_1_37' title='bbox 699 572 785 625; x_wconf 87' lang='lat' dir='ltr'><strong>ubera</strong></span> <span class='ocrx_word' id='word_1_38' title='bbox 803 573 868 638; x_wconf 87' lang='lat' dir='ltr'><strong>nati,</strong></span> 
     </span>
     <span class='ocr_line' id='line_1_7' title="bbox 170 647 883 716; baseline 0 -16"><span class='ocrx_word' id='word_1_39' title='bbox 170 647 200 700; x_wconf 92' lang='lat' dir='ltr'><strong>Is</strong></span> <span class='ocrx_word' id='word_1_40' title='bbox 217 647 290 702; x_wconf 89' lang='lat' dir='ltr'><strong>locus</strong></span> <span class='ocrx_word' id='word_1_41' title='bbox 308 649 384 702; x_wconf 89' lang='lat' dir='ltr'><strong>urbis</strong></span> <span class='ocrx_word' id='word_1_42' title='bbox 402 649 463 716; x_wconf 87' lang='lat' dir='ltr'><strong>erit,</strong></span> <span class='ocrx_word' id='word_1_43' title='bbox 483 649 591 716; x_wconf 84' lang='lat' dir='ltr'><strong>requies</strong></span> <span class='ocrx_word' id='word_1_44' title='bbox 610 665 642 701; x_wconf 89' lang='lat' dir='ltr'><strong>ea</strong></span> <span class='ocrx_word' id='word_1_45' title='bbox 660 653 736 700; x_wconf 91' lang='lat' dir='ltr'><strong>certa</strong></span> <span class='ocrx_word' id='word_1_46' title='bbox 754 648 883 701; x_wconf 90' lang='lat' dir='ltr'><strong>laborum.</strong></span> 
     </span>
    </p>

    <p class='ocr_par' dir='ltr' id='par_1_3' title="bbox 109 723 856 780">
     <span class='ocr_line' id='line_1_8' title="bbox 109 723 856 780; baseline 0.003 -4"><span class='ocrx_word' id='word_1_47' title='bbox 109 734 113 743; x_wconf 84' lang='grc'><em>“</em></span> <span class='ocrx_word' id='word_1_48' title='bbox 132 723 135 728; x_wconf 68' lang='grc'>“</span> <span class='ocrx_word' id='word_1_49' title='bbox 169 723 194 776; x_wconf 91' lang='lat' dir='ltr'>N</span> <span class='ocrx_word' id='word_1_50' title='bbox 197 741 228 778; x_wconf 89' lang='lat' dir='ltr'><strong>ee</strong></span> <span class='ocrx_word' id='word_1_51' title='bbox 246 728 276 778; x_wconf 91' lang='lat' dir='ltr'><strong>tu</strong></span> <span class='ocrx_word' id='word_1_52' title='bbox 295 743 450 780; x_wconf 80' lang='lat' dir='ltr'><strong>urensarum</strong></span> <span class='ocrx_word' id='word_1_53' title='bbox 469 741 574 778; x_wconf 88' lang='lat' dir='ltr'><strong>morsus</strong></span> <span class='ocrx_word' id='word_1_54' title='bbox 592 724 719 778; x_wconf 89' lang='lat' dir='ltr'><strong>horresce</strong></span> <span class='ocrx_word' id='word_1_55' title='bbox 738 725 856 778; x_wconf 83' lang='lat' dir='ltr'><strong>futuros:</strong></span> 
     </span>
    </p>

    <p class='ocr_par' dir='ltr' id='par_1_4' title="bbox 167 780 1031 3312">
     <span class='ocr_line' id='line_1_9' title="bbox 167 780 1031 892; baseline 0.001 -38"><span class='ocrx_word' id='word_1_56' title='bbox 167 799 239 854; x_wconf 84' lang='lat' dir='ltr'><strong>Fata</strong></span> <span class='ocrx_word' id='word_1_57' title='bbox 257 802 328 854; x_wconf 85' lang='lat' dir='ltr'><strong>viam</strong></span> <span class='ocrx_word' id='word_1_58' title='bbox 347 802 487 854; x_wconf 86' lang='lat' dir='ltr'><strong>invenient</strong></span> <span class='ocrx_word' id='word_1_59' title='bbox 504 800 651 868; x_wconf 86' lang='lat' dir='ltr'><strong>aderitque</strong></span> <span class='ocrx_word' id='word_1_60' title='bbox 669 804 781 854; x_wconf 85' lang='lat' dir='ltr'><strong>vocatus</strong></span> <span class='ocrx_word' id='word_1_61' title='bbox 800 801 906 868; x_wconf 84' lang='lat' dir='ltr'><strong>Apollo.</strong></span> <span class='ocrx_word' id='word_1_62' title='bbox 943 780 1031 892; x_wconf 49' lang='lat' dir='ltr'><strong>‘qs</strong></span> 
     </span>
     <span class='ocr_line' id='line_1_10' title="bbox 170 876 937 944; baseline -0.001 -15"><span class='ocrx_word' id='word_1_63' title='bbox 170 876 229 930; x_wconf 87' lang='lat' dir='ltr'><strong>Has</strong></span> <span class='ocrx_word' id='word_1_64' title='bbox 248 881 340 931; x_wconf 87' lang='lat' dir='ltr'><strong>autem</strong></span> <span class='ocrx_word' id='word_1_65' title='bbox 358 881 457 943; x_wconf 88' lang='lat' dir='ltr'><strong>terras,</strong></span> <span class='ocrx_word' id='word_1_66' title='bbox 479 876 598 944; x_wconf 80' lang='lat' dir='ltr'><strong>Italique</strong></span> <span class='ocrx_word' id='word_1_67' title='bbox 616 876 686 928; x_wconf 91' lang='lat' dir='ltr'><strong>hanc</strong></span> <span class='ocrx_word' id='word_1_68' title='bbox 704 876 792 928; x_wconf 89' lang='lat' dir='ltr'><strong>litoris</strong></span> <span class='ocrx_word' id='word_1_69' title='bbox 810 893 892 943; x_wconf 88' lang='lat' dir='ltr'><strong>oram,</strong></span> <span class='ocrx_word' id='word_1_70' title='bbox 931 882 937 890; x_wconf 92' lang='lat'>&#39;</span> 
     </span>
     <span class='ocr_line' id='line_1_11' title="bbox 169 951 937 1020; baseline -0.003 -14"><span class='ocrx_word' id='word_1_71' title='bbox 169 953 305 1006; x_wconf 79' lang='lat' dir='ltr'><strong>Proxuma</strong></span> <span class='ocrx_word' id='word_1_72' title='bbox 324 969 394 1020; x_wconf 88' lang='lat' dir='ltr'><strong>quae</strong></span> <span class='ocrx_word' id='word_1_73' title='bbox 412 951 498 1004; x_wconf 90' lang='lat' dir='ltr'><strong>nostri</strong></span> <span class='ocrx_word' id='word_1_74' title='bbox 517 951 692 1019; x_wconf 84' lang='lat' dir='ltr'><strong>perfunditur</strong></span> <span class='ocrx_word' id='word_1_75' title='bbox 710 952 835 1018; x_wconf 88' lang='lat' dir='ltr'><strong>aequoris</strong></span> <span class='ocrx_word' id='word_1_76' title='bbox 852 955 937 1016; x_wconf 88' lang='lat' dir='ltr'><strong>aestu,</strong></span> 
     </span>
     <span class='ocr_line' id='line_1_12' title="bbox 168 1027 912 1096; baseline -0.001 -15"><span class='ocrx_word' id='word_1_77' title='bbox 168 1029 279 1096; x_wconf 78' lang='lat' dir='ltr'><strong>Effuge3</strong></span> <span class='ocrx_word' id='word_1_78' title='bbox 298 1032 395 1082; x_wconf 88' lang='lat' dir='ltr'><strong>cuneta</strong></span> <span class='ocrx_word' id='word_1_79' title='bbox 413 1027 493 1080; x_wconf 88' lang='lat' dir='ltr'><strong>malis</strong></span> <span class='ocrx_word' id='word_1_80' title='bbox 512 1027 673 1082; x_wconf 86' lang='lat' dir='ltr'><strong>habitantur</strong></span> <span class='ocrx_word' id='word_1_81' title='bbox 690 1027 797 1080; x_wconf 88' lang='lat' dir='ltr'><strong>moenia</strong></span> <span class='ocrx_word' id='word_1_82' title='bbox 811 1027 912 1080; x_wconf 83' lang='lat' dir='ltr'><strong>Graiis.</strong></span> 
     </span>
     <span class='ocr_line' id='line_1_13' title="bbox 169 1103 797 1171; baseline -0.005 -14"><span class='ocrx_word' id='word_1_83' title='bbox 169 1105 222 1158; x_wconf 89' lang='lat' dir='ltr'><strong>Hic</strong></span> <span class='ocrx_word' id='word_1_84' title='bbox 241 1109 269 1157; x_wconf 90' lang='lat' dir='ltr'><strong>et</strong></span> <span class='ocrx_word' id='word_1_85' title='bbox 288 1104 397 1170; x_wconf 78' lang='lat' dir='ltr'><strong>Narycii</strong></span> <span class='ocrx_word' id='word_1_86' title='bbox 416 1107 567 1171; x_wconf 87' lang='lat' dir='ltr'><strong>posuerunt</strong></span> <span class='ocrx_word' id='word_1_87' title='bbox 585 1104 693 1156; x_wconf 88' lang='lat' dir='ltr'><strong>moenia</strong></span> <span class='ocrx_word' id='word_1_88' title='bbox 711 1103 797 1168; x_wconf 90' lang='lat' dir='ltr'><strong>Locri,</strong></span> 
     </span>
     <span class='ocr_line' id='line_1_14' title="bbox 168 1179 1024 1248; baseline 0 -14"><span class='ocrx_word' id='word_1_89' title='bbox 168 1182 205 1234; x_wconf 85' lang='lat' dir='ltr'><strong>llt</strong></span> <span class='ocrx_word' id='word_1_90' title='bbox 223 1180 385 1234; x_wconf 77' lang='lat' dir='ltr'><strong>Sallentinos</strong></span> <span class='ocrx_word' id='word_1_91' title='bbox 404 1179 513 1234; x_wconf 86' lang='lat' dir='ltr'><strong>obsedit</strong></span> <span class='ocrx_word' id='word_1_92' title='bbox 531 1181 619 1234; x_wconf 90' lang='lat' dir='ltr'><strong>milite</strong></span> <span class='ocrx_word' id='word_1_93' title='bbox 637 1197 746 1248; x_wconf 88' lang='lat' dir='ltr'><strong>campos</strong></span> <span class='ocrx_word' id='word_1_94' title='bbox 988 1193 1024 1234; x_wconf 78' lang='lat' dir='ltr'><strong>soe</strong></span> 
     </span>
     <span class='ocr_line' id='line_1_15' title="bbox 167 1256 844 1326; baseline 0.001 -16"><span class='ocrx_word' id='word_1_95' title='bbox 167 1257 278 1326; x_wconf 80' lang='lat' dir='ltr'><strong>Lyctius</strong></span> <span class='ocrx_word' id='word_1_96' title='bbox 297 1256 476 1321; x_wconf 81' lang='lat' dir='ltr'><strong>idomeneus3</strong></span> <span class='ocrx_word' id='word_1_97' title='bbox 497 1257 541 1310; x_wconf 92' lang='lat' dir='ltr'><strong>hic</strong></span> <span class='ocrx_word' id='word_1_98' title='bbox 559 1257 606 1310; x_wconf 88' lang='lat' dir='ltr'><strong>illa</strong></span> <span class='ocrx_word' id='word_1_99' title='bbox 624 1257 698 1310; x_wconf 91' lang='lat' dir='ltr'><strong>ducis</strong></span> <span class='ocrx_word' id='word_1_100' title='bbox 718 1258 844 1312; x_wconf 84' lang='lat' dir='ltr'><strong>Meliboei</strong></span> 
     </span>
     <span class='ocr_line' id='line_1_16' title="bbox 169 1333 808 1388; baseline 0.005 -3"><span class='ocrx_word' id='word_1_101' title='bbox 169 1333 256 1386; x_wconf 88' lang='lat' dir='ltr'><strong>Parva</strong></span> <span class='ocrx_word' id='word_1_102' title='bbox 278 1333 446 1388; x_wconf 88' lang='lat' dir='ltr'><strong>Philoctetae</strong></span> <span class='ocrx_word' id='word_1_103' title='bbox 465 1333 581 1388; x_wconf 84' lang='lat' dir='ltr'><strong>subnixa</strong></span> <span class='ocrx_word' id='word_1_104' title='bbox 601 1334 706 1388; x_wconf 90' lang='lat' dir='ltr'><strong>Petelia</strong></span> <span class='ocrx_word' id='word_1_105' title='bbox 723 1351 808 1388; x_wconf 90' lang='lat' dir='ltr'><strong>muro.</strong></span> 
     </span>
     <span class='ocr_line' id='line_1_17' title="bbox 168 1409 1003 1480; baseline 0.002 -18"><span class='ocrx_word' id='word_1_106' title='bbox 168 1409 247 1477; x_wconf 79' lang='lat' dir='ltr'><strong>Quin,</strong></span> <span class='ocrx_word' id='word_1_107' title='bbox 265 1409 312 1463; x_wconf 94' lang='lat' dir='ltr'><strong>ubi</strong></span> <span class='ocrx_word' id='word_1_108' title='bbox 331 1411 505 1464; x_wconf 80' lang='lat' dir='ltr'><strong>transmissae</strong></span> <span class='ocrx_word' id='word_1_109' title='bbox 525 1411 655 1465; x_wconf 86' lang='lat' dir='ltr'><strong>steterint</strong></span> <span class='ocrx_word' id='word_1_110' title='bbox 673 1415 749 1464; x_wconf 91' lang='lat' dir='ltr'><strong>trans</strong></span> <span class='ocrx_word' id='word_1_111' title='bbox 767 1427 886 1480; x_wconf 89' lang='lat' dir='ltr'><strong>aequora</strong></span> <span class='ocrx_word' id='word_1_112' title='bbox 904 1415 1003 1466; x_wconf 85' lang='lat' dir='ltr'><strong>classes</strong></span> 
     </span>
     <span class='ocr_line' id='line_1_18' title="bbox 169 1486 804 1555; baseline 0.005 -17"><span class='ocrx_word' id='word_1_113' title='bbox 169 1486 203 1539; x_wconf 84' lang='lat' dir='ltr'><strong>Et</strong></span> <span class='ocrx_word' id='word_1_114' title='bbox 221 1486 317 1554; x_wconf 87' lang='lat' dir='ltr'><strong>positis</strong></span> <span class='ocrx_word' id='word_1_115' title='bbox 335 1487 390 1538; x_wconf 91' lang='lat' dir='ltr'><strong>aris</strong></span> <span class='ocrx_word' id='word_1_116' title='bbox 408 1487 462 1540; x_wconf 90' lang='lat' dir='ltr'><strong>iam</strong></span> <span class='ocrx_word' id='word_1_117' title='bbox 480 1492 545 1542; x_wconf 86' lang='lat' dir='ltr'><strong>rota</strong></span> <span class='ocrx_word' id='word_1_118' title='bbox 563 1489 590 1540; x_wconf 94' lang='lat' dir='ltr'><strong>in</strong></span> <span class='ocrx_word' id='word_1_119' title='bbox 610 1487 690 1541; x_wconf 90' lang='lat' dir='ltr'><strong>litore</strong></span> <span class='ocrx_word' id='word_1_120' title='bbox 709 1488 804 1555; x_wconf 88' lang='lat' dir='ltr'><strong>solves,</strong></span> 
     </span>
     <span class='ocr_line' id='line_1_19' title="bbox 171 1561 1024 1631; baseline 0.005 -17"><span class='ocrx_word' id='word_1_121' title='bbox 171 1561 310 1629; x_wconf 87' lang='lat' dir='ltr'><strong>Purpureo</strong></span> <span class='ocrx_word' id='word_1_122' title='bbox 328 1562 419 1614; x_wconf 85' lang='lat' dir='ltr'><strong>velare</strong></span> <span class='ocrx_word' id='word_1_123' title='bbox 437 1579 527 1616; x_wconf 89' lang='lat' dir='ltr'><strong>eomas</strong></span> <span class='ocrx_word' id='word_1_124' title='bbox 545 1565 694 1630; x_wconf 82' lang='lat' dir='ltr'><strong>adopertus</strong></span> <span class='ocrx_word' id='word_1_125' title='bbox 713 1564 821 1631; x_wconf 89' lang='lat' dir='ltr'><strong>amictu,</strong></span> <span class='ocrx_word' id='word_1_126' title='bbox 989 1579 1024 1618; x_wconf 78' lang='lat' dir='ltr'><strong>sos</strong></span> 
     </span>
     <span class='ocr_line' id='line_1_20' title="bbox 169 1637 889 1705; baseline 0.004 -16"><span class='ocrx_word' id='word_1_127' title='bbox 169 1637 211 1690; x_wconf 89' lang='lat' dir='ltr'><strong>Ne</strong></span> <span class='ocrx_word' id='word_1_128' title='bbox 230 1653 284 1705; x_wconf 90' lang='lat' dir='ltr'><strong>qua</strong></span> <span class='ocrx_word' id='word_1_129' title='bbox 302 1637 376 1690; x_wconf 91' lang='lat' dir='ltr'><strong>inter</strong></span> <span class='ocrx_word' id='word_1_130' title='bbox 394 1642 502 1691; x_wconf 91' lang='lat' dir='ltr'><strong>sanctos</strong></span> <span class='ocrx_word' id='word_1_131' title='bbox 521 1639 592 1705; x_wconf 84' lang='lat' dir='ltr'><strong>ignis</strong></span> <span class='ocrx_word' id='word_1_132' title='bbox 610 1640 637 1690; x_wconf 93' lang='lat' dir='ltr'><strong>in</strong></span> <span class='ocrx_word' id='word_1_133' title='bbox 656 1637 758 1691; x_wconf 89' lang='lat' dir='ltr'><strong>honore</strong></span> <span class='ocrx_word' id='word_1_134' title='bbox 776 1639 889 1692; x_wconf 89' lang='lat' dir='ltr'><strong>deorum</strong></span> 
     </span>
     <span class='ocr_line' id='line_1_21' title="bbox 170 1713 804 1768; baseline 0.005 -3"><span class='ocrx_word' id='word_1_135' title='bbox 170 1713 284 1766; x_wconf 88' lang='lat' dir='ltr'><strong>Hostilis</strong></span> <span class='ocrx_word' id='word_1_136' title='bbox 302 1713 386 1768; x_wconf 84' lang='lat' dir='ltr'><strong>facies</strong></span> <span class='ocrx_word' id='word_1_137' title='bbox 404 1719 528 1768; x_wconf 89' lang='lat' dir='ltr'><strong>occurrat</strong></span> <span class='ocrx_word' id='word_1_138' title='bbox 545 1717 575 1767; x_wconf 90' lang='lat' dir='ltr'><strong>et</strong></span> <span class='ocrx_word' id='word_1_139' title='bbox 593 1715 684 1766; x_wconf 91' lang='lat' dir='ltr'><strong>omina</strong></span> <span class='ocrx_word' id='word_1_140' title='bbox 701 1714 804 1768; x_wconf 89' lang='lat' dir='ltr'><strong>turbet.</strong></span> 
     </span>
     <span class='ocr_line' id='line_1_22' title="bbox 170 1789 913 1857; baseline 0.003 -15"><span class='ocrx_word' id='word_1_141' title='bbox 170 1789 251 1843; x_wconf 89' lang='lat' dir='ltr'><strong>Hunc</strong></span> <span class='ocrx_word' id='word_1_142' title='bbox 269 1789 334 1842; x_wconf 85' lang='lat' dir='ltr'><strong>socii</strong></span> <span class='ocrx_word' id='word_1_143' title='bbox 353 1807 455 1843; x_wconf 90' lang='lat' dir='ltr'><strong>morem</strong></span> <span class='ocrx_word' id='word_1_144' title='bbox 474 1807 621 1856; x_wconf 87' lang='lat' dir='ltr'><strong>sacrorum,</strong></span> <span class='ocrx_word' id='word_1_145' title='bbox 641 1790 712 1843; x_wconf 90' lang='lat' dir='ltr'><strong>hune</strong></span> <span class='ocrx_word' id='word_1_146' title='bbox 730 1789 788 1857; x_wconf 90' lang='lat' dir='ltr'><strong>ipse</strong></span> <span class='ocrx_word' id='word_1_147' title='bbox 807 1794 913 1844; x_wconf 87' lang='lat' dir='ltr'><strong>teneto:</strong></span> 
     </span>
     <span class='ocr_line' id='line_1_23' title="bbox 171 1866 795 1934; baseline 0 -16"><span class='ocrx_word' id='word_1_148' title='bbox 171 1866 230 1920; x_wconf 87' lang='lat' dir='ltr'><strong>Hae</strong></span> <span class='ocrx_word' id='word_1_149' title='bbox 248 1867 315 1919; x_wconf 89' lang='lat' dir='ltr'><strong>casti</strong></span> <span class='ocrx_word' id='word_1_150' title='bbox 334 1871 462 1920; x_wconf 88' lang='lat' dir='ltr'><strong>maneant</strong></span> <span class='ocrx_word' id='word_1_151' title='bbox 479 1868 506 1920; x_wconf 93' lang='lat' dir='ltr'><strong>in</strong></span> <span class='ocrx_word' id='word_1_152' title='bbox 525 1867 656 1934; x_wconf 86' lang='lat' dir='ltr'><strong>religione</strong></span> <span class='ocrx_word' id='word_1_153' title='bbox 674 1869 795 1934; x_wconf 86' lang='lat' dir='ltr'><strong>nepotes.</strong></span> 
     </span>
     <span class='ocr_line' id='line_1_24' title="bbox 169 1942 1024 2010; baseline 0.004 -14"><span class='ocrx_word' id='word_1_154' title='bbox 169 1945 223 1996; x_wconf 86' lang='lat' dir='ltr'><strong>Ast</strong></span> <span class='ocrx_word' id='word_1_155' title='bbox 241 1942 288 1996; x_wconf 90' lang='lat' dir='ltr'><strong>ubi</strong></span> <span class='ocrx_word' id='word_1_156' title='bbox 307 1943 460 2010; x_wconf 81' lang='lat' dir='ltr'><strong>digressum</strong></span> <span class='ocrx_word' id='word_1_157' title='bbox 481 1944 586 1998; x_wconf 80' lang='lat' dir='ltr'><strong>Siculae</strong></span> <span class='ocrx_word' id='word_1_158' title='bbox 604 1948 633 1996; x_wconf 90' lang='lat' dir='ltr'><strong>te</strong></span> <span class='ocrx_word' id='word_1_159' title='bbox 651 1942 804 1996; x_wconf 87' lang='lat' dir='ltr'><strong>admoverit</strong></span> <span class='ocrx_word' id='word_1_160' title='bbox 822 1959 886 1996; x_wconf 87' lang='lat' dir='ltr'><strong>orae</strong></span> <span class='ocrx_word' id='word_1_161' title='bbox 989 1959 1024 1999; x_wconf 73' lang='lat'><strong>41⁰</strong></span> 
     </span>
     <span class='ocr_line' id='line_1_25' title="bbox 171 2019 861 2086; baseline 0.001 -15"><span class='ocrx_word' id='word_1_162' title='bbox 171 2020 276 2072; x_wconf 87' lang='lat' dir='ltr'><strong>Ventus</strong></span> <span class='ocrx_word' id='word_1_163' title='bbox 294 2024 323 2072; x_wconf 92' lang='lat' dir='ltr'><strong>et</strong></span> <span class='ocrx_word' id='word_1_164' title='bbox 341 2021 450 2086; x_wconf 82' lang='lat' dir='ltr'><strong>angusti</strong></span> <span class='ocrx_word' id='word_1_165' title='bbox 469 2023 608 2072; x_wconf 86' lang='lat' dir='ltr'><strong>rarescent</strong></span> <span class='ocrx_word' id='word_1_166' title='bbox 626 2019 745 2072; x_wconf 86' lang='lat' dir='ltr'><strong>claustra</strong></span> <span class='ocrx_word' id='word_1_167' title='bbox 764 2019 861 2085; x_wconf 86' lang='lat' dir='ltr'><strong>Pelori,</strong></span> 
     </span>
     <span class='ocr_line' id='line_1_26' title="bbox 169 2095 815 2162; baseline -0.003 -14"><span class='ocrx_word' id='word_1_168' title='bbox 169 2095 259 2148; x_wconf 87' lang='lat' dir='ltr'><strong>Laeva</strong></span> <span class='ocrx_word' id='word_1_169' title='bbox 276 2095 325 2147; x_wconf 86' lang='lat' dir='ltr'><strong>tibi</strong></span> <span class='ocrx_word' id='word_1_170' title='bbox 346 2096 427 2147; x_wconf 85' lang='lat' dir='ltr'><strong>tellus</strong></span> <span class='ocrx_word' id='word_1_171' title='bbox 446 2101 474 2147; x_wconf 90' lang='lat' dir='ltr'><strong>ct</strong></span> <span class='ocrx_word' id='word_1_172' title='bbox 492 2096 573 2161; x_wconf 84' lang='lat' dir='ltr'><strong>longo</strong></span> <span class='ocrx_word' id='word_1_173' title='bbox 591 2095 667 2148; x_wconf 84' lang='lat' dir='ltr'><strong>laeva</strong></span> <span class='ocrx_word' id='word_1_174' title='bbox 685 2098 815 2162; x_wconf 87' lang='lat' dir='ltr'><strong>petantur</strong></span> 
     </span>
     <span class='ocr_line' id='line_1_27' title="bbox 170 2171 920 2238; baseline 0.003 -14"><span class='ocrx_word' id='word_1_175' title='bbox 170 2174 299 2238; x_wconf 83' lang='lat' dir='ltr'><strong>Aequora</strong></span> <span class='ocrx_word' id='word_1_176' title='bbox 317 2171 448 2235; x_wconf 88' lang='lat' dir='ltr'><strong>circuitu;</strong></span> <span class='ocrx_word' id='word_1_177' title='bbox 468 2171 596 2222; x_wconf 87' lang='lat' dir='ltr'><strong>dextrum</strong></span> <span class='ocrx_word' id='word_1_178' title='bbox 615 2171 679 2236; x_wconf 78' lang='lat' dir='ltr'><strong>luge</strong></span> <span class='ocrx_word' id='word_1_179' title='bbox 697 2171 762 2223; x_wconf 89' lang='lat' dir='ltr'><strong>litus</strong></span> <span class='ocrx_word' id='word_1_180' title='bbox 781 2175 810 2224; x_wconf 86' lang='lat' dir='ltr'><strong>et</strong></span> <span class='ocrx_word' id='word_1_181' title='bbox 827 2175 920 2226; x_wconf 88' lang='lat' dir='ltr'><strong>undas.</strong></span> 
     </span>
     <span class='ocr_line' id='line_1_28' title="bbox 172 2245 939 2314; baseline 0.003 -16"><span class='ocrx_word' id='word_1_182' title='bbox 172 2247 247 2299; x_wconf 84' lang='lat' dir='ltr'><strong>llaec</strong></span> <span class='ocrx_word' id='word_1_183' title='bbox 264 2245 322 2299; x_wconf 88' lang='lat' dir='ltr'><strong>loca</strong></span> <span class='ocrx_word' id='word_1_184' title='bbox 341 2246 366 2297; x_wconf 91' lang='lat' dir='ltr'><strong>vi</strong></span> <span class='ocrx_word' id='word_1_185' title='bbox 385 2247 523 2314; x_wconf 88' lang='lat' dir='ltr'><strong>quondam</strong></span> <span class='ocrx_word' id='word_1_186' title='bbox 542 2250 571 2299; x_wconf 84' lang='lat' dir='ltr'><strong>ct</strong></span> <span class='ocrx_word' id='word_1_187' title='bbox 589 2250 666 2299; x_wconf 89' lang='lat' dir='ltr'><strong>vasta</strong></span> <span class='ocrx_word' id='word_1_188' title='bbox 684 2246 809 2300; x_wconf 86' lang='lat' dir='ltr'><strong>convolsa</strong></span> <span class='ocrx_word' id='word_1_189' title='bbox 826 2247 939 2300; x_wconf 85' lang='lat' dir='ltr'><strong>ruina-</strong></span> 
     </span>
     <span class='ocr_line' id='line_1_29' title="bbox 171 2322 1024 2392; baseline 0.002 -16"><span class='ocrx_word' id='word_1_190' title='bbox 171 2324 284 2376; x_wconf 82' lang='lat' dir='ltr'><strong>Tantum</strong></span> <span class='ocrx_word' id='word_1_191' title='bbox 304 2323 363 2376; x_wconf 89' lang='lat' dir='ltr'><strong>aevi</strong></span> <span class='ocrx_word' id='word_1_192' title='bbox 381 2323 528 2392; x_wconf 80' lang='lat' dir='ltr'><strong>longinqua</strong></span> <span class='ocrx_word' id='word_1_193' title='bbox 546 2322 619 2376; x_wconf 87' lang='lat' dir='ltr'><strong>valet</strong></span> <span class='ocrx_word' id='word_1_194' title='bbox 637 2325 745 2376; x_wconf 89' lang='lat' dir='ltr'><strong>mutare</strong></span> <span class='ocrx_word' id='word_1_195' title='bbox 763 2327 920 2376; x_wconf 89' lang='lat' dir='ltr'><strong>vetustas—</strong></span> <span class='ocrx_word' id='word_1_196' title='bbox 989 2340 1024 2378; x_wconf 83' lang='lat'><strong>415</strong></span> 
     </span>
     <span class='ocr_line' id='line_1_30' title="bbox 171 2399 901 2468; baseline 0.003 -16"><span class='ocrx_word' id='word_1_197' title='bbox 171 2399 325 2454; x_wconf 85' lang='lat' dir='ltr'><strong>Dissiluisse</strong></span> <span class='ocrx_word' id='word_1_198' title='bbox 345 2400 444 2468; x_wconf 83' lang='lat' dir='ltr'><strong>ferunt,</strong></span> <span class='ocrx_word' id='word_1_199' title='bbox 463 2417 523 2454; x_wconf 87' lang='lat' dir='ltr'><strong>enm</strong></span> <span class='ocrx_word' id='word_1_200' title='bbox 541 2399 667 2468; x_wconf 86' lang='lat' dir='ltr'><strong>protinus</strong></span> <span class='ocrx_word' id='word_1_201' title='bbox 685 2402 802 2468; x_wconf 83' lang='lat' dir='ltr'><strong>utraque</strong></span> <span class='ocrx_word' id='word_1_202' title='bbox 820 2400 901 2454; x_wconf 83' lang='lat' dir='ltr'><strong>tellus</strong></span> 
     </span>
     <span class='ocr_line' id='line_1_31' title="bbox 171 2476 848 2545; baseline 0 -15"><span class='ocrx_word' id='word_1_203' title='bbox 171 2477 233 2530; x_wconf 89' lang='lat' dir='ltr'><strong>Una</strong></span> <span class='ocrx_word' id='word_1_204' title='bbox 250 2476 335 2542; x_wconf 74' lang='lat' dir='ltr'><strong>foret,</strong></span> <span class='ocrx_word' id='word_1_205' title='bbox 355 2478 429 2531; x_wconf 89' lang='lat' dir='ltr'><strong>venit</strong></span> <span class='ocrx_word' id='word_1_206' title='bbox 448 2477 538 2531; x_wconf 91' lang='lat' dir='ltr'><strong>medio</strong></span> <span class='ocrx_word' id='word_1_207' title='bbox 557 2476 583 2530; x_wconf 86' lang='lat' dir='ltr'><strong>vi</strong></span> <span class='ocrx_word' id='word_1_208' title='bbox 601 2480 702 2545; x_wconf 90' lang='lat' dir='ltr'><strong>pontus</strong></span> <span class='ocrx_word' id='word_1_209' title='bbox 721 2480 750 2530; x_wconf 88' lang='lat' dir='ltr'><strong>et</strong></span> <span class='ocrx_word' id='word_1_210' title='bbox 767 2477 848 2530; x_wconf 88' lang='lat' dir='ltr'><strong>undis</strong></span> 
     </span>
     <span class='ocr_line' id='line_1_32' title="bbox 173 2553 965 2622; baseline 0.001 -17"><span class='ocrx_word' id='word_1_211' title='bbox 173 2553 335 2622; x_wconf 86' lang='lat' dir='ltr'><strong>Hesperium</strong></span> <span class='ocrx_word' id='word_1_212' title='bbox 355 2554 445 2608; x_wconf 83' lang='lat' dir='ltr'><strong>Siculo</strong></span> <span class='ocrx_word' id='word_1_213' title='bbox 464 2553 536 2608; x_wconf 88' lang='lat' dir='ltr'><strong>latus</strong></span> <span class='ocrx_word' id='word_1_214' title='bbox 556 2553 680 2618; x_wconf 86' lang='lat' dir='ltr'><strong>abscidit,</strong></span> <span class='ocrx_word' id='word_1_215' title='bbox 699 2570 819 2622; x_wconf 88' lang='lat' dir='ltr'><strong>arvaque</strong></span> <span class='ocrx_word' id='word_1_216' title='bbox 837 2558 866 2607; x_wconf 88' lang='lat' dir='ltr'><strong>et</strong></span> <span class='ocrx_word' id='word_1_217' title='bbox 884 2555 965 2606; x_wconf 90' lang='lat' dir='ltr'><strong>urbes</strong></span> 
     </span>
     <span class='ocr_line' id='line_1_33' title="bbox 171 2629 790 2699; baseline 0.002 -17"><span class='ocrx_word' id='word_1_218' title='bbox 171 2629 264 2684; x_wconf 84' lang='lat' dir='ltr'><strong>Litore</strong></span> <span class='ocrx_word' id='word_1_219' title='bbox 283 2631 408 2686; x_wconf 87' lang='lat' dir='ltr'><strong>diductas</strong></span> <span class='ocrx_word' id='word_1_220' title='bbox 427 2636 543 2699; x_wconf 82' lang='lat' dir='ltr'><strong>angusto</strong></span> <span class='ocrx_word' id='word_1_221' title='bbox 562 2630 687 2684; x_wconf 87' lang='lat' dir='ltr'><strong>interluit</strong></span> <span class='ocrx_word' id='word_1_222' title='bbox 705 2635 790 2684; x_wconf 89' lang='lat' dir='ltr'><strong>aestu.</strong></span> 
     </span>
     <span class='ocr_line' id='line_1_34' title="bbox 172 2706 1026 2776; baseline 0.006 -19"><span class='ocrx_word' id='word_1_223' title='bbox 172 2706 306 2758; x_wconf 87' lang='lat' dir='ltr'><strong>Dextrum</strong></span> <span class='ocrx_word' id='word_1_224' title='bbox 326 2708 414 2776; x_wconf 73' lang='lat' dir='ltr'><strong>Scylla</strong></span> <span class='ocrx_word' id='word_1_225' title='bbox 432 2709 512 2774; x_wconf 86' lang='lat' dir='ltr'><strong>latus,</strong></span> <span class='ocrx_word' id='word_1_226' title='bbox 531 2709 638 2762; x_wconf 87' lang='lat' dir='ltr'><strong>laevum</strong></span> <span class='ocrx_word' id='word_1_227' title='bbox 656 2707 792 2775; x_wconf 87' lang='lat' dir='ltr'><strong>inplacata</strong></span> <span class='ocrx_word' id='word_1_228' title='bbox 810 2706 960 2775; x_wconf 81' lang='lat' dir='ltr'><strong>Charybdis</strong></span> <span class='ocrx_word' id='word_1_229' title='bbox 990 2723 1026 2762; x_wconf 82' lang='lat'><strong>420</strong></span> 
     </span>
     <span class='ocr_line' id='line_1_35' title="bbox 173 2781 912 2852; baseline 0.004 -20"><span class='ocrx_word' id='word_1_230' title='bbox 173 2781 296 2848; x_wconf 87' lang='lat' dir='ltr'><strong>Obsidet,</strong></span> <span class='ocrx_word' id='word_1_231' title='bbox 315 2787 398 2850; x_wconf 88' lang='lat' dir='ltr'><strong>atque</strong></span> <span class='ocrx_word' id='word_1_232' title='bbox 416 2785 472 2837; x_wconf 90' lang='lat' dir='ltr'><strong>imo</strong></span> <span class='ocrx_word' id='word_1_233' title='bbox 490 2784 614 2838; x_wconf 87' lang='lat' dir='ltr'><strong>barathri</strong></span> <span class='ocrx_word' id='word_1_234' title='bbox 632 2789 676 2837; x_wconf 91' lang='lat' dir='ltr'><strong>ter</strong></span> <span class='ocrx_word' id='word_1_235' title='bbox 693 2785 803 2852; x_wconf 83' lang='lat' dir='ltr'><strong>gurgite</strong></span> <span class='ocrx_word' id='word_1_236' title='bbox 822 2787 912 2836; x_wconf 85' lang='lat' dir='ltr'><strong>vastos</strong></span> 
     </span>
     <span class='ocr_line' id='line_1_36' title="bbox 173 2856 941 2928; baseline -0.004 -16"><span class='ocrx_word' id='word_1_237' title='bbox 173 2856 271 2912; x_wconf 79' lang='lat' dir='ltr'><strong>Sorbet</strong></span> <span class='ocrx_word' id='word_1_238' title='bbox 289 2859 316 2910; x_wconf 92' lang='lat' dir='ltr'><strong>in</strong></span> <span class='ocrx_word' id='word_1_239' title='bbox 335 2859 482 2928; x_wconf 89' lang='lat' dir='ltr'><strong>abruptum</strong></span> <span class='ocrx_word' id='word_1_240' title='bbox 501 2862 605 2924; x_wconf 83' lang='lat' dir='ltr'><strong>fluctus,</strong></span> <span class='ocrx_word' id='word_1_241' title='bbox 624 2877 773 2928; x_wconf 87' lang='lat' dir='ltr'><strong>rursusque</strong></span> <span class='ocrx_word' id='word_1_242' title='bbox 792 2859 842 2912; x_wconf 88' lang='lat' dir='ltr'><strong>sub</strong></span> <span class='ocrx_word' id='word_1_243' title='bbox 861 2871 941 2911; x_wconf 87' lang='lat' dir='ltr'><strong>auras</strong></span> 
     </span>
     <span class='ocr_line' id='line_1_37' title="bbox 174 2932 799 3000; baseline 0.003 -14"><span class='ocrx_word' id='word_1_244' title='bbox 174 2932 261 3000; x_wconf 76' lang='lat' dir='ltr'><strong>Erigit</strong></span> <span class='ocrx_word' id='word_1_245' title='bbox 280 2935 399 2989; x_wconf 90' lang='lat' dir='ltr'><strong>alternos</strong></span> <span class='ocrx_word' id='word_1_246' title='bbox 418 2941 446 2991; x_wconf 89' lang='lat' dir='ltr'><strong>et</strong></span> <span class='ocrx_word' id='word_1_247' title='bbox 466 2938 555 2990; x_wconf 87' lang='lat' dir='ltr'><strong>sidera</strong></span> <span class='ocrx_word' id='word_1_248' title='bbox 574 2938 702 2990; x_wconf 82' lang='lat' dir='ltr'><strong>verberat</strong></span> <span class='ocrx_word' id='word_1_249' title='bbox 720 2937 799 2989; x_wconf 89' lang='lat' dir='ltr'><strong>unda.</strong></span> 
     </span>
     <span class='ocr_line' id='line_1_38' title="bbox 175 3011 860 3082; baseline 0.001 -19"><span class='ocrx_word' id='word_1_250' title='bbox 175 3011 215 3064; x_wconf 85' lang='lat' dir='ltr'><strong>At</strong></span> <span class='ocrx_word' id='word_1_251' title='bbox 233 3011 347 3078; x_wconf 86' lang='lat' dir='ltr'><strong>Scyllam</strong></span> <span class='ocrx_word' id='word_1_252' title='bbox 365 3013 451 3065; x_wconf 89' lang='lat' dir='ltr'><strong>caeeis</strong></span> <span class='ocrx_word' id='word_1_253' title='bbox 470 3013 579 3066; x_wconf 88' lang='lat' dir='ltr'><strong>cohibet</strong></span> <span class='ocrx_word' id='word_1_254' title='bbox 598 3015 724 3082; x_wconf 85' lang='lat' dir='ltr'><strong>spelunca</strong></span> <span class='ocrx_word' id='word_1_255' title='bbox 742 3013 860 3080; x_wconf 88' lang='lat' dir='ltr'><strong>latebris,</strong></span> 
     </span>
     <span class='ocr_line' id='line_1_39' title="bbox 174 3086 1027 3146; baseline 0.002 -6"><span class='ocrx_word' id='word_1_256' title='bbox 174 3086 231 3146; x_wconf 85' lang='lat' dir='ltr'><strong>Ora</strong></span> <span class='ocrx_word' id='word_1_257' title='bbox 248 3091 433 3141; x_wconf 86' lang='lat' dir='ltr'><strong>exsertantem</strong></span> <span class='ocrx_word' id='word_1_258' title='bbox 453 3092 481 3142; x_wconf 90' lang='lat' dir='ltr'><strong>et</strong></span> <span class='ocrx_word' id='word_1_259' title='bbox 500 3091 575 3142; x_wconf 86' lang='lat' dir='ltr'><strong>navis</strong></span> <span class='ocrx_word' id='word_1_260' title='bbox 593 3090 620 3142; x_wconf 94' lang='lat' dir='ltr'><strong>in</strong></span> <span class='ocrx_word' id='word_1_261' title='bbox 640 3108 705 3143; x_wconf 85' lang='lat' dir='ltr'><strong>saxa</strong></span> <span class='ocrx_word' id='word_1_262' title='bbox 723 3089 885 3142; x_wconf 84' lang='lat' dir='ltr'><strong>trahentem.</strong></span> <span class='ocrx_word' id='word_1_263' title='bbox 991 3101 1027 3142; x_wconf 70' lang='lat' dir='ltr'><strong>cae</strong></span> 
     </span>
     <span class='ocr_line' id='line_1_40' title="bbox 175 3161 897 3234; baseline 0.003 -19"><span class='ocrx_word' id='word_1_264' title='bbox 175 3161 267 3216; x_wconf 89' lang='lat' dir='ltr'><strong>Prima</strong></span> <span class='ocrx_word' id='word_1_265' title='bbox 283 3163 398 3216; x_wconf 92' lang='lat' dir='ltr'><strong>hominis</strong></span> <span class='ocrx_word' id='word_1_266' title='bbox 415 3165 498 3218; x_wconf 87' lang='lat' dir='ltr'><strong>facies</strong></span> <span class='ocrx_word' id='word_1_267' title='bbox 516 3169 545 3219; x_wconf 86' lang='lat' dir='ltr'><strong>et</strong></span> <span class='ocrx_word' id='word_1_268' title='bbox 562 3167 675 3234; x_wconf 86' lang='lat' dir='ltr'><strong>pulchro</strong></span> <span class='ocrx_word' id='word_1_269' title='bbox 691 3169 804 3234; x_wconf 87' lang='lat' dir='ltr'><strong>pectore</strong></span> <span class='ocrx_word' id='word_1_270' title='bbox 821 3165 897 3231; x_wconf 81' lang='lat' dir='ltr'><strong>virgo</strong></span> 
     </span>
     <span class='ocr_line' id='line_1_41' title="bbox 175 3234 880 3312; baseline 0.003 -20"><span class='ocrx_word' id='word_1_271' title='bbox 175 3234 251 3294; x_wconf 87' lang='lat' dir='ltr'><strong>Pube</strong></span> <span class='ocrx_word' id='word_1_272' title='bbox 269 3242 357 3310; x_wconf 82' lang='lat' dir='ltr'><strong>tenus,</strong></span> <span class='ocrx_word' id='word_1_273' title='bbox 375 3244 513 3309; x_wconf 87' lang='lat' dir='ltr'><strong>postrema</strong></span> <span class='ocrx_word' id='word_1_274' title='bbox 530 3241 632 3298; x_wconf 88' lang='lat' dir='ltr'><strong>inmani</strong></span> <span class='ocrx_word' id='word_1_275' title='bbox 650 3258 763 3312; x_wconf 88' lang='lat' dir='ltr'><strong>corpore</strong></span> <span class='ocrx_word' id='word_1_276' title='bbox 781 3241 880 3312; x_wconf 82' lang='lat' dir='ltr'><strong>pristis,</strong></span> 
     </span>
    </p>
   </div>
   <div class='ocr_carea' id='block_1_3' title="bbox 0 0 1150 3568">
    <p class='ocr_par' dir='ltr' id='par_1_5' title="bbox 0 0 1150 3568">
     <span class='ocr_line' id='line_1_42' title="bbox 0 0 1150 3568; baseline 0 0"><span class='ocrx_word' id='word_1_277' title='bbox 0 0 1150 3568; x_wconf 95' lang='lat' dir='ltr'><strong> </strong></span> 
     </span>
    </p>
   </div>
  </div>
 </body>
</html>
