2290 3568
395 178 575 225 AENEIDOS
593 175 661 225 LIB.
681 175 762 224 VIII.
952 179 997 226 239

149 262 209 316 Rex
227 262 302 330 prior
320 260 398 314 haec:

148 339 277 392 Maxume
291 338 455 390 Teucrorum
469 337 574 403 ductor,
587 353 641 404 quo
654 336 756 404 sospite
769 351 918 404 numquam
959 349 995 388 cru

148 414 204 468 Res
223 415 349 483 equidem
368 414 464 467 'lhoiae
483 414 567 466 victas
585 417 633 465 aut
651 430 734 480 regna
751 413 864 480 fatebor,

148 491 234 544 Nobis
252 489 287 543 ad
306 490 370 543 belli
389 490 518 542 auxilium
537 490 711 557 pronomine
731 493 810 542 tanto

148 569 269 636 Exiguae
288 568 372 621 vires:
394 566 456 620 hinc
475 566 561 620 Tusco
579 565 731 618 claudimur
750 567 829 632 ainai,

148 646 220 699 Hinc
239 645 358 698 Rutulus
376 645 484 713 premit,
503 647 532 697 et
551 659 658 696 murum
678 643 858 696 circumsonat
875 645 965 710 armis,

147 723 202 776 Sed
219 723 270 776 tibi
289 739 340 790 ego
358 722 476 790 ingentis
494 719 608 790 populos
627 720 809 789 opulentaque
828 720 919 788 regnis
961 736 996 775 475

147 800 264 868 Iungere
282 802 373 853 castra
390 816 463 867 paro,
484 815 566 867 quam
578 797 639 850 'fors
658 796 767 865 inopina
785 799 901 850 salutem

146 876 282 930 Ostentat.
320 877 396 930 Fatis
414 875 466 928 huc
485 879 514 928 te
532 874 707 944 poscentibus
725 875 822 928 arlfers.

147 952 230 1006 Haud
249 953 341 1021 procul
361 953 424 1005 hinc
443 969 508 1005 saxo
527 951 653 1004 incolitur
674 950 790 1004 fundata
808 955 917 1005 vetusto

146 1029 230 1083 Urbis
249 1030 393 1098 Agyllinae
411 1029 498 1096 sedes,
516 1029 563 1080 ubi
583 1027 669 1096 Lydia
687 1029 823 1096 quondam

146 1106 226 1174 (leus,
245 1106 317 1159 bello
335 1106 482 1174 praeclara,
500 1105 571 1174 iugis
588 1105 691 1158 insedit
711 1105 839 1160 Etruscis.
959 1123 996 1161 seo

147 1183 226 1236 Hanc
244 1182 345 1235 multos
363 1182 504 1235 florentem
522 1197 606 1235 annos
624 1197 673 1234 rex
691 1182 791 1236 deinde
809 1183 926 1252 superbo

147 1260 256 1329 lnperio
274 1263 302 1313 et
320 1259 407 1312 saevis
426 1259 517 1312 tenuit
536 1259 688 1312 Mezentius
706 1259 796 1313 armis.

146 1337 218 1400 Quid
237 1353 385 1389 memorem
403 1335 528 1388 infandus
547 1335 651 1402 medes,
671 1336 737 1404 quid
756 1337 828 1390 facta
846 1339 953 1406 tyranni

149 1413 250 1466 Effera?
272 1413 300 1465 di
319 1413 400 1481 capiti
418 1413 503 1480 ipsius
521 1413 670 1480 generique
688 1417 843 1467 reservent!

146 1489 255 1543 Mortua
273 1490 337 1558 quin
356 1490 438 1542 etiam
457 1489 588 1556 iungebat
606 1506 719 1557 corpora
738 1490 812 1558 virle,
959 1505 995 1544 rsa

146 1566 307 1633 Conponens
325 1565 505 1633 manibusque
525 1582 619 1617 manus
638 1569 721 1632 atque
740 1566 832 1620 oribus
850 1585 905 1633 ora,

146 1641 285 1694 'larinenti
303 1659 397 1708 genus,
416 1645 444 1694 et
462 1642 537 1694 sanie
556 1641 676 1709 taboque
695 1642 804 1695 fluentis

146 1718 286 1786 Conplexu
304 1718 331 1770 in
350 1718 449 1770 misero
467 1718 548 1785 longa
566 1718 602 1770 sic
621 1721 709 1770 morte
728 1719 848 1772 necabat.

148 1795 186 1848 At
203 1794 267 1848 fessi
285 1793 397 1847 tandem
416 1795 488 1847 cives
506 1794 618 1847 infanda
635 1793 770 1847 furentem

148 1871 256 1924 Armati
275 1871 477 1924 circumsistunt
496 1872 639 1940 ipsumque
659 1871 832 1941 domumque,
960 1890 996 1928 seo

147 1948 318 2001 Obtruncant
336 1949 429 2015 sociae,
447 1949 538 2016 ignem
557 1948 593 2002 ad
612 1948 721 2016 fastigia
738 1949 848 2003 iactant.

149 2024 198 2077 llle
215 2026 287 2078 inter
305 2025 415 2078 caedem
436 2025 600 2078 Rutulorum
622 2025 729 2093 elapsus
747 2027 774 2078 in
793 2044 872 2094 agros

146 2100 305 2168 Confugere,
323 2105 352 2154 et
370 2101 453 2152 Turni
473 2101 616 2154 defendier
634 2102 749 2168 hospitis
767 2105 856 2156 anuis.

147 2177 217 2245 Ergo
236 2178 322 2230 omnis
339 2177 417 2230 furiis
436 2179 555 2230 surrexit
573 2178 685 2231 Etruria
702 2179 794 2243 iustis;

148 2254 250 2322 Regem
269 2253 305 2306 ad
324 2254 484 2321 supplicium
504 2254 641 2322 praesenti
661 2254 752 2307 Marte
771 2261 923 2324 reposcunt.
959 2273 995 2312 aaa

149 2331 199 2382 llis
217 2347 268 2398 ego
287 2334 323 2396 te,
344 2332 445 2398 Aenea,
466 2329 607 2384 ductorem
626 2329 736 2383 milibus
755 2331 861 2384 addam.

145 2408 213 2461 Toto
232 2424 350 2476 namque
368 2407 487 2461 fremunt
505 2407 657 2461 condensae
675 2408 753 2462 litore
772 2425 884 2478 puppes,

146 2485 283 2553 Signaque
300 2485 373 2538 ferrc
390 2485 499 2550 iubent;
520 2485 621 2538 retinet
639 2485 786 2554 longaevus
804 2486 939 2556 haruspex

148 2561 216 2614 uara
234 2578 345 2615 canens:
367 2561 389 2614 Ο
410 2562 550 2616 Maeoniae
569 2561 676 2616 delecte
694 2562 827 2631 iuventus,

146 2638 210 2691 rios
222 2642 346 2692 veterum
358 2640 500 2708 virtusque
512 2639 606 2707 virum,
619 2657 687 2708 quos
699 2640 788 2693 iustus
800 2640 827 2693 in
840 2641 947 2695 hostem
958 2657 995 2696 too

147 2715 213 2769 Eert
231 2715 308 2769 dolor
326 2721 355 2769 et
373 2717 471 2769 merita
489 2716 614 2771 accendit
633 2717 785 2770 Mezentius
802 2718 850 2784 ira,

146 2791 220 2844 Nulli
238 2793 280 2845 fas
300 2793 372 2846 Italo
390 2797 496 2847 tautam
516 2793 679 2861 subiungere
697 2798 821 2861 gentem:

148 2870 282 2923 Externos
300 2873 395 2939 optate
414 2871 504 2924 duces.
542 2871 610 2923 Tum
631 2871 745 2924 Etrusca
763 2871 867 2925 resedit

148 2946 207 3000 Hoc
224 2947 296 3000 acies
314 2963 416 3015 earnpo,
433 2948 544 3001 monitis
562 2949 694 3001 exterrita
712 2949 808 3001 divom.

148 3025 211 3092 lpse
229 3028 351 3076 oratores
369 3024 404 3077 ad
422 3041 466 3078 me
484 3025 615 3093 regnique
634 3042 760 3079 coronam
959 3039 995 3080 sut

146 3099 213 3154 Cum
233 3105 341 3170 sceptro
359 3101 434 3155 misit
451 3103 618 3170 mandatque
637 3102 751 3170 iusignia
769 3101 898 3168 Tarchon,

145 3177 294 3231 Succedam
312 3178 418 3248 castris,
437 3179 628 3252 Tyrrhenaque
646 3196 730 3247 regna
748 3196 894 3247 capessam.

145 3253 198 3308 Sed
219 3255 284 3308 mihi
302 3255 384 3310 tarda
400 3257 464 3322 gelu
483 3256 631 3326 saeclisque
648 3256 730 3310 effeta
748 3259 873 3310 senectus
