2278 3568
430 153 613 202 AENEIDOS
631 153 700 202 LIB.
720 154 742 202 I.
980 155 1010 206 97

154 237 259 292 Scindit
277 253 307 290 se
325 235 412 290 nubes
429 239 459 290 et
476 236 504 288 in
522 235 636 289 aethera
653 238 754 304 purgat
772 238 905 304 apertum.

155 314 270 368 Restitit
290 314 399 366 Aeneas
417 312 544 380 claraque
562 313 590 364 in
610 312 671 365 luce
689 312 805 380 refulsit,

154 390 193 442 Os
210 390 392 456 humerosque
411 389 464 441 deo
482 389 593 454 similis,
613 405 731 457 namque
749 389 807 456 ipsa
825 388 952 442 decoram

154 467 308 520 Caesariem
327 469 391 519 nato
409 466 536 533 genetrix
554 465 700 534 lumenque
719 465 845 519 iuventae
977 478 1012 518 set

156 544 328 611 Purpureum
348 546 377 595 et
394 542 481 595 laetos
501 543 584 594 oculis
604 542 719 596 adflarat
737 542 866 596 honores:

157 619 244 684 Quale
263 635 358 672 manus
377 619 484 671 addunt
503 619 578 672 ebori
598 619 688 686 docus,
708 623 755 672 aut
774 618 821 672 ubi
839 619 908 672 flavo

155 698 311 763 Argentum
331 694 461 748 Pariusve
479 695 547 762 lapis
567 695 753 750 circumdatur
769 712 844 753 auro.

154 771 223 825 Tum
242 772 278 824 sic
297 771 419 840 reginam
438 771 602 840 adloquitur,
620 774 779 841 cunctisque
797 776 910 841 repente

156 848 312 916 inprovisus
331 848 383 902 ait:
409 848 515 914 Geram,
534 866 616 916 quem
635 849 775 916 quaeritis,
794 848 897 915 adsum,
977 862 1011 902 aas

154 923 251 978 Troius
270 926 385 990 Aeneas,
406 923 513 992 Libycis
532 929 643 992 ereptus
663 924 697 976 ab
716 924 804 978 undis.

155 999 178 1052 0
198 999 254 1053 sola
271 1000 397 1054 infandos
416 1001 512 1054 Troiae
532 1001 660 1054 miserata
679 1000 792 1066 labores,

155 1074 231 1139 Quae
247 1093 303 1143 nos,
322 1077 449 1144 reliquias
469 1077 601 1143 Danaum,
620 1082 764 1144 terraeque
782 1077 920 1145 marisque

154 1151 287 1206 Omnibus
305 1153 452 1206 exhaustos
470 1154 523 1206 iam
542 1155 655 1222 casibus,
674 1153 794 1206 omnium
813 1169 919 1222 egenos,

154 1228 238 1296 Urbe,
257 1229 345 1294 domo,
364 1230 457 1294 socias,
476 1237 569 1296 grates
588 1231 745 1298 persolvere
765 1229 862 1298 dignas
974 1245 1010 1284 eoo
1036 1231 1040 1244 '

154 1305 216 1358 Non
234 1306 292 1374 opis
311 1309 353 1359 est
371 1310 488 1373 nostrae,
508 1307 588 1372 Dido,
607 1324 657 1361 nec
677 1306 810 1376 quidquid
829 1305 931 1375 ubique
949 1311 992 1360 est

154 1379 251 1435 Gentis
270 1381 431 1449 Dardaniae,
450 1399 576 1450 magnum
597 1401 667 1452 qnae
686 1401 779 1452 sparsa
797 1399 847 1452 per
865 1382 966 1437 orbem.

155 1457 189 1510 Di
208 1457 265 1526 tibi,
285 1459 306 1511 si
324 1475 378 1526 qua
396 1459 455 1526 pios
474 1465 631 1528 respectant
649 1461 766 1526 numina,
785 1460 808 1512 si
827 1459 894 1527 qnid

154 1533 276 1602 Usquam
295 1535 399 1588 iustitia
417 1537 459 1588 est
478 1539 507 1588 et
525 1553 601 1588 mens
620 1537 671 1588 sibi
691 1537 797 1589 conscia
814 1536 881 1589 recti

156 1609 278 1663 Praemia
291 1609 374 1678 digna
386 1611 482 1665 ferant.
522 1612 597 1675 Quae
611 1618 638 1665 te
652 1621 709 1665 tam
723 1612 795 1665 laeta
807 1613 930 1666 tulerunt
974 1626 1009 1664 eos

154 1685 283 1740 Saeculal
305 1687 351 1754 qui
370 1688 440 1739 tanti
458 1689 541 1740 talem
559 1705 679 1755 genuere
697 1689 842 1757 parentent

155 1761 188 1814 ln
206 1761 277 1815 freta
296 1762 361 1815 dum
379 1761 452 1816 fluvii
471 1769 588 1826 current,
608 1764 673 1817 dum
692 1763 831 1818 montibus
849 1763 962 1817 umbrae

154 1837 324 1892 Lustrabunt
342 1855 468 1906 convexa,
487 1841 565 1908 polus
584 1841 648 1894 dum
669 1842 759 1895 sidera
777 1844 877 1911 pascet,

153 1913 266 1983 Semper
283 1914 367 1967 honos
385 1932 540 1984 nomenque
558 1921 635 1970 tuum
655 1917 804 1986 laudesque
823 1917 979 1984 manebunt,

154 1989 228 2054 Quae
241 2007 284 2044 me
297 2007 412 2058 eumque
424 1995 522 2045 vocant
534 1996 632 2046 terrae.
669 1993 713 2048 Sic
725 1995 805 2061 fatus,
818 1994 933 2046 amiermr
972 2008 1008 2046 ore

154 2066 258 2120 llienea
276 2067 347 2135 petit
366 2066 472 2134 dextra,
491 2067 623 2138 laevaque
642 2070 789 2136 Serestum,

154 2143 221 2197 Post
239 2143 312 2210 alios,
331 2143 485 2212 fortemque
505 2145 589 2212 Gyan,
608 2147 764 2215 fortemque
783 2146 955 2201 Cloanthum.

188 2218 328 2288 Obstipuit
346 2221 434 2288 primo
452 2226 565 2290 aspectu
584 2221 696 2275 Sidonia
714 2222 792 2290 Dido,

153 2295 224 2350 Casu
243 2295 343 2349 deinde
361 2295 411 2349 viri
429 2301 516 2362 tanto,
536 2301 564 2350 et
583 2299 620 2350 sic
639 2315 686 2351 ore
704 2298 795 2351 locuta
813 2301 869 2352 est:

47 2405 53 2412 ·
153 2372 219 2436 Quis
238 2375 275 2439 te,
293 2375 357 2426 nate
376 2373 434 2439 den,
454 2391 503 2442 per
522 2377 598 2427 tanta
616 2375 736 2443 pericula
754 2391 831 2428 casus
973 2389 1009 2429 615

154 2449 331 2517 Insequiturl
358 2467 428 2518 quae
447 2450 487 2502 vis
505 2451 659 2505 inmanibus
678 2451 798 2520 adplicat
816 2451 884 2505 orisl

153 2525 228 2578 Tune
247 2525 292 2578 ille
313 2527 428 2591 Aeneas,
447 2543 527 2594 quem
547 2527 686 2582 Dardanio
708 2529 845 2583 Anchisae

154 2601 236 2656 Alma
254 2602 349 2656 Venus
369 2603 477 2672 Phrygii
495 2605 591 2671 genuit
611 2605 757 2660 Simoentis
776 2606 811 2658 ad
829 2605 948 2660 undaml

154 2680 247 2746 Atque
266 2679 394 2750 equidem
414 2679 546 2733 Teucrum
565 2681 675 2734 memini
694 2682 795 2736 Sidona
813 2683 905 2735 venire

153 2753 265 2810 Finibus
284 2755 427 2823 expulsum
445 2757 548 2824 patriis,
568 2775 637 2812 nova
654 2775 739 2827 regna
757 2762 896 2827 petentem
974 2771 1010 2809 eae

153 2831 264 2884 Auxilio
283 2831 359 2896 Beli;
378 2833 486 2899 genitor
505 2836 564 2886 tum
583 2835 666 2888 Belus
684 2836 801 2902 opimam

155 2906 290 2960 Vastabat
309 2907 434 2976 Cyprum,
453 2913 482 2962 et
500 2909 586 2962 vietor
604 2911 709 2964 dicione
728 2911 846 2965 tenebat.

154 2983 287 3051 Tempore
305 2984 358 3036 iam
377 3001 411 3037 ex
429 2984 475 3038 illo
494 3001 571 3038 casus
590 2986 656 3040 mihi
675 2987 800 3055 cognitus
817 2986 893 3040 urbis

154 3059 285 3112 Troianae
304 3077 456 3130 nomenque
475 3065 552 3114 tuum
571 3079 706 3132 rogesque
727 3063 841 3130 Pelasgi.

155 3135 220 3202 lpse
238 3135 325 3190 hostis
343 3137 461 3191 Teucros
478 3138 576 3205 insigni
594 3139 674 3192 lande
693 3140 807 3208 ferebat,
974 3153 1008 3192 eas

155 3209 246 3280 Seque
264 3217 355 3267 ortum
372 3213 486 3282 antiqua
503 3213 668 3268 Teucrorum
686 3215 721 3268 ab
740 3215 826 3282 stirpe
845 3214 961 3270 volebat.
