2290 3568
421 139 603 187 nnunrnos
621 140 688 187 nm.
708 141 772 189 vu.
970 7 1138 290 λ

168 226 375 293 Instituuntquo
394 225 484 295 dapes,
503 229 532 279 et
549 226 650 280 adorea
668 227 722 280 liba
740 243 789 294 per
807 226 919 280 herbam

166 303 318 358 Subiieiunt
336 302 504 370 epulis—sic
525 303 650 371 Iuppiter
668 303 713 356 ille
731 302 894 357 mouebat-
982 319 1017 358 uo

167 379 203 432 Et
221 379 333 432 Cereale
352 379 437 432 solum
456 379 543 447 pomis
562 379 716 446 agrestibus
735 384 842 446 augent.

167 455 339 523 Consumptis
357 455 401 508 hie
418 457 490 510 forto
507 457 574 523 eliis,
592 460 623 510 ut
641 460 749 510 vertere
767 472 873 510 morsus
933 475 937 482 ·

170 532 300 598 Exiguam
317 533 345 584 in
364 532 492 586 Cererem
510 534 626 602 penuria
643 533 736 601 adegit
755 533 855 588 edendi

167 607 202 660 Et
219 609 320 662 riolarc
338 626 420 662 runnu
438 610 571 676 malisque
590 609 740 663 audacibus
757 608 850 662 orbem

169 685 268 738 Natalis
286 686 370 739 crusti
388 687 488 754 patulis
507 702 556 739 nec
575 702 687 755 parcere
706 685 825 754 quadris,
983 701 1018 738 us

170 761 251 828 Heus,
270 763 352 815 etiam
372 779 479 815 mensas
497 763 692 816 consumimus!
715 763 804 830 inquit
824 762 915 827 lulus;

166 837 190 888 N
193 855 223 890 ce
240 839 319 906 plura
336 839 479 892 adludens.
516 840 556 891 Ea
573 855 624 890 vox
644 838 738 892 audita
756 838 879 891 laborum

169 913 258 966 Prima
276 916 340 968 tulit
358 916 447 981 finem,
467 915 637 982 primamque
656 915 792 983 loquentis
810 914 845 967 ab
864 931 911 968 ore

168 989 272 1057 Eripuit
290 996 377 1059 pater,
395 1007 427 1043 ae
445 991 613 1058 stupefactus
630 992 739 1044 numine
758 990 866 1058 pressit.

166 1065 308 1132 Continuo,
329 1067 407 1120 Sahre
425 1067 488 1119 fatis
507 1067 573 1119 mihi
592 1067 686 1120 debita
703 1067 802 1134 Tellus
981 1082 1017 1121 rao

167 1141 286 1210 Vosque,
304 1145 350 1210 ait,
370 1160 386 1196 o
404 1144 452 1196 iidi
472 1144 567 1196 Troiae
586 1144 688 1197 salvete
708 1144 838 1197 Penates:

168 1219 220 1273 ilie
232 1220 336 1286 domus,
349 1220 416 1274 hoec
430 1221 520 1289 petria
534 1225 583 1274 cst.
604 1221 719 1274 Genitor
732 1221 797 1274 mihi
810 1220 875 1274 talio
889 1237 1014 1290 namque,

166 1298 244 1350 Nune
261 1301 364 1365 repete,
385 1298 519 1350 Anchises
536 1298 654 1350 fatorum
672 1314 769 1351 arcena
787 1297 911 1365 reliquit:

166 1375 233 1428 Cum
252 1379 289 1441 te,
308 1379 380 1440 nate,
399 1374 485 1427 fames
504 1375 597 1442 ignota
615 1374 650 1426 ad
668 1374 749 1427 litora
768 1378 876 1427 rectum
900 1399 901 1403 ¹

167 1451 270 1503 Aecisis
288 1453 367 1518 coget
385 1450 501 1518 dapibus
520 1467 678 1504 consumere
697 1467 812 1518 mensae,
979 1465 1015 1502 125

165 1526 232 1578 'l'um
251 1543 362 1593 sperare
380 1526 475 1578 dornos
494 1527 616 1579 defossus
634 1527 726 1595 ibique
744 1531 882 1580 memento

168 1603 258 1656 Prima
275 1602 365 1655 locare
383 1619 464 1654 manu
482 1603 623 1670 molirique
642 1619 741 1670 aggere
759 1606 840 1656 tecta.

169 1679 242 1731 Haec
260 1681 320 1731 orat
338 1678 384 1730 illa
401 1679 500 1741 fames3
521 1678 588 1730 haee
607 1695 655 1730 nos
674 1695 802 1746 suprema
820 1680 955 1748 manebat,

170 1753 263 1807 {exitiis
281 1754 402 1822 positure
419 1754 537 1807 modum.

166 1829 255 1894 Quare
273 1830 346 1897 agite
364 1833 393 1883 et
410 1831 497 1898 primo
516 1830 581 1884 laeti
600 1848 661 1884 eum
679 1831 780 1885 lumine
799 1831 869 1898 solie,
979 1849 1013 1886 rm

166 1907 240 1970 Quae
258 1906 323 1972 loca,
342 1906 422 1973 quive
441 1907 559 1960 habeant
577 1907 707 1976 homines,
725 1907 772 1962 ubi
790 1908 896 1962 moenia
914 1910 1012 1978 gentis,

167 1983 344 2050 Vestigemus,
363 1986 391 2035 et
409 2000 425 2035 a
443 1986 524 2050 portu
543 1984 650 2036 diversa
668 1988 800 2052 petamus.

100 2033 243 2111 ‘'Mnm
261 2064 370 2124 pateras
388 2058 471 2111 libate
492 2059 558 2125 lori,
577 2060 757 2128 precibusque
774 2065 868 2114 vocate

166 2135 301 2186 Anchisen
319 2134 476 2200 genitorem,
496 2139 525 2187 et
543 2136 605 2186 vina
623 2137 746 2202 reponite
764 2136 872 2189 mensis.

165 2211 207 2264 Sic
226 2210 325 2262 deinde
343 2209 440 2261 otiatus
458 2210 595 2262 frondenti
615 2215 739 2278 tempora
756 2227 832 2263 ramo
977 2230 1011 2268 13⁵

166 2286 289 2355 Inplicat‚
308 2289 336 2338 et
355 2286 526 2352 Geniumque
544 2286 595 2337 loci
614 2285 782 2356 primamque
801 2287 913 2344 deorum

164 2363 297 2416 Tellurem
317 2362 510 2430 Nymphasque
529 2366 558 2414 ct
575 2361 664 2414 adhue
682 2362 776 2429 ignota
793 2369 922 2431 precatur

165 2439 294 2505 Nluminn,
314 2444 372 2491 tum
392 2438 506 2490 Noctem
526 2437 674 2506 Noctisque
692 2439 808 2493 orientia
826 2440 909 2508 Signa

165 2516 333 2584 Idaeumque
355 2516 446 2568 Iovem
468 2515 666 2583 Phrygiamque
685 2516 832 2570 exordiae
851 2517 969 2571 Matrem

166 2593 282 2658 Inroeat,
302 2598 331 2644 et
349 2591 464 2659 duplicis
483 2591 618 2659 Caeloque
638 2592 781 2661 Ereboque
798 2599 933 2663 parentes.
978 2610 1012 2649 ne

167 2669 217 2720 ilic
235 2673 315 2736 pater
333 2669 503 2736 omnipotens
522 2673 565 2721 ter
583 2668 657 2722 eaelo
676 2669 763 2723 clarus
781 2671 817 2724 ab
835 2671 890 2724 alto

167 2744 296 2810 intonuit,
314 2743 460 2812 radiisque·
472 2745 615 2798 ardentem
635 2744 701 2798 lucis
720 2750 748 2799 et
767 2764 833 2800 auro

166 2821 228 2888 Ipse
245 2837 328 2873 manu
346 2821 471 2886 quatiens
489 2821 610 2874 ostendit
628 2821 663 2873 ab
680 2823 792 2876 aethere
809 2825 916 2882 nubem,

164 2896 274 2949 Diditur
291 2895 334 2948 hie
352 2895 442 2948 subito
461 2897 576 2950 Troiana
593 2915 643 2966 per
661 2900 768 2966 agmina
785 2917 883 2970 rumor,

164 2972 315 3026 Advenisse
334 2972 414 3037 diem,
432 2989 486 3040 quo
504 2974 599 3026 debita
617 2975 724 3027 moenia
741 2977 865 3030 condent.
977 2994 1011 3032 11⁵

163 3049 295 3102 Certatim
313 3049 467 3101 instaurant
485 3050 584 3116 epulas,
603 3055 686 3118 atque
705 3052 792 3105 omine
810 3070 909 3121 magno

163 3125 290 3179 Crateras
307 3125 373 3179 laeti
392 3129 517 3179 statuunt
535 3127 643 3180 ctrina
661 3133 797 3181 coronant.

199 3202 311 3256 Postera
329 3219 389 3256 cum
407 3201 496 3270 prima
513 3202 648 3258 lustrabat
666 3203 791 3269 lampade
809 3208 897 3259 terras
