2268 3570
130 158 172 205 318
361 155 388 201 Ρ,
408 152 561 200 VERGILI
579 153 743 201 MARONIS

128 238 206 291 Nunc
224 236 350 290 iuvenem
369 234 510 303 inparibus
528 235 608 288 video
627 251 789 288 concurrere
808 238 879 306 fatis,

127 315 328 381 Parcarumque
347 313 407 364 dies
426 315 455 364 et
474 311 514 363 ris
531 310 640 363 inimica
658 312 830 381 propinquat.
943 333 980 371 150

126 391 187 445 Non
200 406 320 458 pugnam
333 389 455 457 aspicere
467 387 536 440 hanc
548 387 641 456 oeulis)
654 405 707 440 non
720 389 831 443 foedera
842 408 959 459 possum.
989 411 992 417 ·

125 467 165 519 Tu
182 483 233 536 pro
251 482 381 533 germano
400 464 422 516 si
442 465 510 532 quid
528 466 700 532 praesentius
718 467 810 535 audes,

126 544 227 611 Perge3
247 542 333 595 dccet.
371 542 474 594 Forsan
494 542 608 594 miseros
628 542 741 595 meliora
759 551 917 614 sequentur.

125 621 179 673 Vix
198 638 243 674 ea:
263 637 324 671 cum
343 619 468 670 lacrimas
487 621 570 672 oculis
591 621 707 672 Iuturna
725 623 854 690 profudit,

124 698 230 765 Terque
245 702 396 765 quaterque
410 713 491 749 manu
504 704 600 767 pectus
612 701 747 768 percussit
759 702 911 756 honestum.
943 719 978 756 155

125 775 185 827 Non
204 774 323 827 lacrimis
341 775 391 827 hoe
410 781 524 844 tempus,
544 779 583 830 ait
603 777 731 832 Saturnia
752 780 835 844 Iuno;

127 852 268 919 Adcelera‚
287 857 315 905 ct
334 854 454 920 fratrem,
475 854 497 905 si
517 855 578 922 quis
597 857 700 917 modus,
723 857 797 924 cripe
816 857 911 920 morti,

125 929 182 980 Aut
201 932 232 981 tu
250 928 322 982 bella
342 931 390 999 cic,
410 935 626 1000 conceptumque
645 937 742 985 excute
760 933 863 986 foedus.

125 1007 229 1057 Auctor
248 1023 297 1072 ogo
316 1007 442 1059 audendi.
480 1008 524 1061 Sic
543 1008 689 1060 exhortata
707 1009 819 1078 reliquit

127 1081 262 1134 Incertam
281 1086 310 1135 ct
328 1083 401 1135 tristi
420 1083 559 1136 turbatum
577 1083 686 1138 volnere
705 1086 810 1138 mentis.
941 1100 977 1138 rm

159 1157 269 1210 Interea
288 1175 374 1224 roges,
393 1159 499 1227 ingenti
518 1161 589 1213 mole
608 1161 723 1214 Latinus

124 1234 292 1301 Quadriiugo
310 1234 420 1288 vehitur
438 1253 527 1302 curru,
547 1237 590 1290 cui
608 1242 733 1305 tempora
750 1238 851 1292 circum

125 1310 223 1362 Aurati
242 1309 352 1364 bissex
371 1312 440 1364 radii
459 1313 594 1380 fulgentia
612 1314 733 1381 cingunt,

123 1385 192 1438 Solis
211 1386 253 1438 ari
272 1387 425 1454 specimcn;
443 1387 514 1456 bigis
532 1390 556 1442 it
574 1390 682 1443 Turnus
699 1391 728 1443 in
745 1390 822 1460 albis,

125 1461 194 1513 Bina
211 1479 293 1514 manu
311 1463 367 1516 lato
385 1464 508 1532 crispans
526 1465 636 1518 hastilia
653 1467 734 1520 ferro.
941 1483 977 1522 los

125 1537 196 1591 Hinc
214 1543 294 1606 pater
313 1540 429 1606 Aeneas,
450 1541 589 1595 Romanae
608 1543 701 1612 stirpis
719 1543 802 1611 origo,

123 1613 236 1668 Sidereo
255 1615 371 1683 flagrans
389 1617 475 1685 clipeo
495 1621 523 1672 et
540 1619 704 1673 caelestibus
722 1620 812 1687 armis,

125 1691 159 1743 m
177 1691 255 1745 iuxta
276 1693 416 1762 Ascanius,
435 1711 549 1761 magnae
568 1712 630 1763 spes
648 1695 735 1749 altera
754 1696 863 1763 Romae,

125 1767 281 1822 Proccdunt
298 1770 402 1837 castris,
421 1787 544 1839 puraque
562 1771 590 1822 in
609 1775 685 1824 veste
704 1772 829 1826 sacerdos

123 1843 281 1912 Saetigerao
300 1845 386 1898 lotum
406 1846 461 1899 suis
478 1845 827 1915 intonsamque'bidentem
940 1865 976 1904 170

125 1919 237 1988 Attulit,
249 1921 425 1988 admovitque
443 1939 526 1989 pecus
544 1923 722 1988 flagrantibus
741 1923 802 1976 aris,

126 1995 169 2047 llli
187 1996 223 2048 ad
241 2001 397 2064 surgentem
416 1998 537 2050 conversi
556 1998 659 2050 lumina
677 1999 760 2051 solem

124 2071 197 2124 Dant
214 2072 308 2139 fruges
325 2073 450 2125 manibus
469 2073 561 2140 salsae,
581 2078 608 2126 ct
625 2078 749 2143 tempora
766 2075 839 2128 ferro

123 2148 235 2200 Summa
252 2151 348 2202 notant
366 2150 508 2216 pecudum,
526 2149 684 2218 paterisque
702 2152 799 2204 altaria
816 2152 910 2206 libant.

123 2224 190 2276 Tum
210 2225 270 2291 pius
290 2227 398 2277 Acncas
417 2226 513 2278 stricto
533 2226 571 2278 sic
589 2243 653 2280 cnse
671 2233 812 2296 precatur:
939 2246 974 2284 1⁷5

126 2300 190 2354 llsto
208 2317 279 2352 nunc
298 2301 344 2353 Sol
362 2301 443 2354 testis
462 2306 490 2354 ct
508 2301 575 2354 haec
594 2303 660 2355 mihi
679 2301 764 2357 'lerra
782 2307 897 2369 vocanti,

124 2376 210 2440 Quam
229 2381 342 2444 propter
360 2381 451 2430 tantos
469 2379 546 2446 potui
565 2380 688 2446 perferre
707 2380 820 2445 labores,

126 2454 160 2506 ut
179 2453 262 2505 Pater
281 2453 460 2521 omnipotens,
480 2458 509 2507 et
527 2459 558 2508 tu
578 2457 707 2509 Saturnia
725 2458 848 2522 coniunx,

125 2530 183 2582 lam
201 2529 303 2593 melior,
322 2529 383 2594 iam,
402 2531 472 2599 diva,
491 2549 601 2600 precor;
620 2537 705 2600 tuque
723 2534 825 2586 inclute
844 2534 961 2599 Mavors,

124 2607 294 2660 Cunctatus
314 2607 359 2674 qui
379 2606 456 2674 bolla,
476 2613 561 2676 pater,
582 2607 632 2660 sub
651 2609 761 2661 numine
780 2613 907 2678 torques;
938 2624 974 2661 leo

124 2683 273 2751 Fontisquo
293 2683 457 2751 Fluviosque
476 2701 547 2749 voc0‚
567 2702 693 2754 quaeque
711 2685 831 2738 aetheris
849 2686 898 2738 alti

124 2760 237 2828 Religiq
257 2762 285 2812 ct
304 2777 374 2828 quae
393 2761 516 2814 caeruleo
535 2766 599 2815 sunt
617 2762 729 2815 numina
746 2765 842 2828 ponto:
902 2799 905 2806 »

124 2837 243 2890 Cesserit
263 2837 384 2890 Ausonio
403 2838 425 2890 si
444 2839 499 2890 sors
517 2839 631 2892 victoria
650 2839 748 2904 Turno,

124 2913 256 2966 Convenit
275 2914 397 2966 Euandri
417 2915 503 2968 victos
522 2916 663 2968 discedere
682 2915 718 2968 ad
736 2915 846 2980 urbcm;

124 2988 211 3042 Cedet
230 2990 307 3043 Iulus
324 2991 412 3059 agris3
430 3008 479 3044 nec
497 2996 560 3059 post
577 3008 652 3044 arma
670 2993 726 3046 ulla
744 2991 860 3044 rebelles
937 3006 973 3045 iss

124 3066 269 3120 Aeneadae
287 3067 414 3136 referent,
432 3068 538 3121 ferrove
557 3068 623 3121 haee
640 3086 724 3136 regna
742 3069 880 3121 lacessent

124 3143 171 3196 Sin
189 3147 312 3196 nostrum
331 3144 460 3198 adnuerit
478 3144 556 3198 nobis
575 3145 698 3197 Victoria
718 3145 879 3210 Martem,—

125 3219 164 3272 Ut
180 3220 271 3287 potius
287 3236 357 3284 reor,
375 3225 404 3274 et
421 3221 513 3290 potius
532 3221 559 3272 di
577 3220 689 3273 numine
708 3222 852 3274 firment-
