2278 3568
400 151 583 200 AENEIDOS
601 151 670 200 LIB.
691 151 741 199 lv.
946 154 991 202 155

139 235 192 289 'ier
209 225 320 288 centnm
338 238 417 288 tonat
435 249 482 286 ore
500 232 572 299 dees,
592 232 766 301 Erebumque
785 232 928 301 Chaosque
956 247 994 287 sle

138 310 383 379 Tergeminarnqne
403 310 535 377 Hecaten,
553 309 609 362 tria
626 309 739 377 virginis
757 325 806 362 era
824 309 938 364 Dianae.

139 389 283 456 Sparserat
301 390 329 440 et
347 387 443 440 latices
463 386 606 439 simulatos
624 386 708 439 fontis
728 386 840 453 Averni,

140 463 266 517 l‘aleibus
284 466 312 516 et
331 479 435 516 messae
453 463 490 515 od
510 463 614 515 Lunam
633 467 802 531 quaeruntur
820 463 895 516 aenis

139 539 277 594 Pubentes
295 539 396 592 herbae
414 539 484 606 nigri
503 555 565 592 eum
583 539 654 592 lacte
673 541 785 605 reneni3

138 616 285 681 Quaeritur
303 619 332 668 et
349 616 486 670 nascentis
505 616 570 684 eqni
590 613 625 668 de
643 615 735 670 fronte
753 616 876 670 revolsus
956 632 993 672 su

139 691 174 745 ru
191 692 273 746 matri
291 696 455 761 praereptus
474 708 558 745 amor.

138 769 203 837 lpsa
221 768 292 822 mola
309 769 489 836 manibusque
506 768 559 836 piis
577 768 676 822 altaria
695 768 781 837 iuxta,

137 844 228 898 Unum
246 849 329 899 exuta
347 845 446 913 pedem
466 845 567 911 vinclis,
586 845 615 896 in
634 849 710 918 veste
728 845 855 913 recincta,

136 920 265 975 Testatur
283 922 417 974 moritura
435 921 501 973 dees
519 925 549 974 et
567 921 672 973 conscia
690 922 738 974 lati

136 997 248 1062 Sidera;
266 1002 333 1065 tum,
352 998 375 1050 si
394 997 468 1064 qnod
486 1014 539 1050 uon
557 1014 644 1065 acque
662 997 773 1052 foedere
792 999 910 1052 amantis
956 1023 991 1064 520

137 1074 226 1128 Curae
244 1090 343 1126 numen
362 1073 445 1126 habet
462 1073 619 1142 iustumque
638 1089 803 1142 memorque,
821 1077 956 1142 precatur.

171 1151 233 1204 Nox
251 1155 318 1217 crat,
337 1154 366 1204 ct
384 1149 520 1219 placidum
538 1149 687 1219 carpebant
705 1150 778 1204 fessa
796 1147 921 1220 soporem

137 1227 256 1296 Corpora
273 1244 323 1296 per
340 1231 437 1294 terras,
457 1227 595 1296 silvaeque
614 1231 643 1280 et
662 1244 743 1281 saeva
761 1227 888 1297 quierant

138 1307 273 1373 Aequora,
293 1321 354 1357 cum
372 1303 464 1356 modio
484 1303 629 1357 volvuntur
649 1303 741 1358 sidera
759 1304 843 1372 lapsu,

137 1381 205 1434 Cum
218 1384 293 1434 tacet
304 1381 391 1434 omnis
403 1397 477 1448 agor,
490 1379 609 1449 pecudes
622 1381 768 1449 pictaeque
780 1381 910 1448 volucres,
954 1396 991 1435 sas

138 1455 267 1526 Quaeque
284 1457 358 1510 lacus
377 1457 432 1510 late
449 1457 574 1525 liquidos,
595 1474 719 1526 quaeque
738 1474 834 1526 aspera
853 1457 944 1512 dmuis

137 1531 212 1586 Rura
229 1536 332 1599 tenent,
352 1550 444 1585 somne
463 1533 567 1600 positae
586 1532 636 1586 sub
655 1537 736 1588 noete
757 1534 847 1587 silenti

137 1608 285 1678 [Lenibant
302 1625 388 1675 curas,
408 1613 436 1662 ct
455 1608 537 1661 corda
555 1609 639 1662 oblita
658 1608 801 1678 laborum].

139 1686 178 1738 ut
195 1703 248 1738 non
266 1685 360 1738 infelix
377 1685 459 1737 animi
480 1685 633 1750 Phoenissa,
652 1701 702 1738 nee
721 1702 851 1752 umquem

138 1761 256 1815 Solvitur
273 1761 301 1813 in
319 1777 435 1826 somnos,
454 1761 571 1814 oculisve
590 1764 638 1814 ant
656 1763 767 1829 pectore
784 1765 893 1816 noctem
955 1777 991 1819 sse

139 1839 261 1905 Accipit:
280 1837 449 1905 ingeminant
467 1855 555 1904 curae,
574 1855 723 1906 rursusque
741 1855 887 1906 resurgens

138 1915 230 1968 Saevit
247 1931 330 1981 amer,
350 1931 502 1983 magnoque
520 1916 621 1967 irarum
641 1913 755 1968 fluctuat
772 1918 857 1968 aestu.

138 1991 181 2044 Sic
199 1991 267 2044 adeo
285 1990 396 2056 insistit,
415 2007 560 2058 secumque
578 1991 618 2043 ita
636 1991 718 2044 corde
738 1991 856 2044 volutat:

142 2068 187 2133 lln,
206 2066 273 2134 quid
290 2069 358 2133 agol
377 2083 505 2119 rursusne
524 2083 619 2134 procos
638 2067 721 2119 inrisa
739 2067 844 2134 priores

139 2143 278 2211 Experiar,
297 2141 506 2209 Nomadumque
525 2147 616 2208 potam
636 2142 769 2195 connubia
788 2143 911 2210 supplex,
953 2157 990 2198 5³5

139 2219 212 2284 Quos
231 2233 281 2284 ego
299 2217 349 2268 sim
368 2217 469 2269 totiens
486 2218 540 2269 ianr
560 2217 707 2283 dedignata
725 2219 854 2272 niaritosl

142 2295 236 2348 Iliacas
254 2293 338 2360 igitur
355 2293 448 2345 classis
465 2297 549 2361 atque
566 2293 663 2345 uitium
681 2294 813 2346 Teucrum

141 2372 219 2424 lussa
237 2371 350 2438 sequarl
369 2368 468 2438 qniane
486 2369 586 2423 anxilio
604 2368 678 2422 iuvat
695 2373 759 2424 ante
776 2370 886 2438 levatos,

140 2447 175 2500 llt
192 2445 262 2500 bene
281 2445 354 2515 apud
374 2462 507 2500 memores
525 2446 628 2499 veteris
647 2449 703 2499 stat
720 2447 809 2513 gratia
826 2448 907 2502 iactii

140 2523 206 2588 Quis
218 2541 262 2576 mc
275 2527 374 2586 nutem,
386 2522 428 2576 foc
440 2523 518 2588 velle,
532 2523 611 2590 sinet,
624 2522 763 2576 ratibusve
777 2523 902 2592 superbis
953 2539 990 2578 sio

142 2601 258 2653 larisam
277 2600 405 2668 accipiet?
424 2601 511 2654 nescis
530 2601 590 2667 heu,
609 2598 725 2669 perdita,
744 2600 859 2654 necdum

141 2676 358 2730 Laomedonteae
376 2679 461 2732 sentis
478 2678 600 2747 periuria
618 2678 725 2746 gentisl

140 2753 213 2818 Quid
231 2755 309 2807 turni
328 2754 384 2808 sole
402 2755 467 2821 luga
484 2759 581 2808 nautas
600 2754 750 2808 comitabor
768 2755 890 2810 evantisl

141 2835 186 2883 An
205 2829 290 2898 Tyriis
308 2832 435 2899 omnique
452 2848 533 2883 manu
552 2831 654 2898 stipata
672 2847 793 2885 meorum

140 2907 254 2973 Inierar,
274 2909 309 2971 et,
328 2923 395 2974 quos
414 2907 524 2960 Sidonia
541 2908 586 2960 vix
603 2907 672 2960 urbo
690 2907 791 2972 revelli,
953 2920 989 2962 us

140 2983 246 3036 Rursus
263 2999 341 3050 agam
360 2983 463 3050 pelago,
482 2987 511 3036 ct
529 2984 617 3036 ventis
635 2983 702 3038 dare
720 2982 781 3036 vela
797 2981 912 3036 iubebol

141 3059 211 3124 Quin
230 3075 344 3125 morere,
362 3062 395 3112 nt
412 3059 510 3112 merita
528 3076 564 3126 es,
582 3059 709 3128 ferroque
727 3062 820 3113 averte
839 3057 966 3113 delerem.

141 3135 181 3188 'lu
198 3134 316 3189 lacrimis
334 3137 422 3189 evicta
439 3137 515 3203 meis,
533 3139 564 3190 tu
582 3137 669 3204 prima
686 3136 822 3190 furentem

142 3211 357 3329 Hi⁸'1¹{er¹¹¹²¹¹¹“¹‘
370 3212 446 3267 malis
465 3229 563 3268 oneras
582 3216 667 3282 atquc
685 3211 780 3267 obiicis
797 3209 877 3266 hosti.
