2290 3568
408 182 593 232 AENEIDOS
610 183 679 233 LIB.
699 183 749 232 IX.
963 175 1010 220 253

160 265 312 333 Contigerit
331 263 434 330 victori,
453 267 482 318 et
499 264 618 334 praedae
636 265 728 318 dicere
746 267 861 317 sortem:

163 341 271 409 Vidisti,
289 356 343 408 quo
361 339 468 392 Turnus
486 357 563 408 equo,
583 341 682 409 quibus
699 341 758 394 ibat
775 340 803 392 in
822 337 903 391 armis

160 418 284 480 Aureus;
307 418 395 484 ipsum
414 415 497 484 illurn,
516 417 631 484 clipeum
650 419 801 485 cristasque
820 413 945 466 rubentis
972 426 1008 464 aro

161 493 300 560 Excipiam
320 493 395 560 sorti,
414 493 467 546 iam
486 509 557 546 nunc
575 497 624 546 tua
641 494 768 560 praemia,
789 492 863 544 Nise.

161 569 308 622 Praeterea
325 569 366 620 bis
386 585 434 621 sex
452 570 560 636 genitor
578 569 725 622 lectissima
744 573 863 621 matrum

160 645 282 715 Corpora
299 647 474 714 captivosque
492 646 577 710 dabit,
596 662 699 714 suaque
717 639 842 698 erunibus
860 657 949 702 arma;

161 723 278 791 insuper
295 724 345 790 his,
364 723 452 791 campi
472 723 545 790 quod
563 739 613 775 rex
631 722 714 775 habet
732 723 789 790 ipsc
809 721 929 774 Latinus.

159 799 288 866 Teucro,
307 816 367 852 mea
385 816 466 867 quem
484 799 581 867 spatiis
599 796 771 868 propioribus
789 801 864 850 aetas
972 811 1007 849 ara

160 875 326 944 Insequitur,
344 874 498 928 venerande
516 891 590 942 puer,
609 875 662 926 iam
681 877 791 941 pectore
809 876 868 926 toto

160 952 272 1019 Accipio
290 955 319 1004 et
336 951 463 1003 comitem
481 967 559 1003 casus
577 951 732 1016 conplector
750 949 778 1000 in
797 948 890 1000 omnis.

161 1027 242 1080 Nulla
260 1027 327 1080 meis
346 1027 403 1078 sine
422 1030 451 1080 te
470 1031 616 1094 quaeretur
633 1026 719 1092 gloria
737 1024 836 1088 rebus;

160 1103 212 1157 Seu
233 1119 327 1172 pacem
345 1117 394 1154 scu
412 1101 484 1154 bella
500 1117 602 1168 geram,
621 1101 671 1154 tibi
690 1117 817 1154 maxuma
834 1115 926 1152 rerum

161 1179 369 1246 verborumque
387 1178 462 1231 fides.
500 1177 602 1231 Contra
620 1195 701 1246 quem
719 1177 785 1230 talia
802 1177 875 1230 fatur
971 1189 1006 1227 aee

161 1256 305 1323 Euryalus:
331 1255 377 1308 Me
397 1254 470 1307 nulla
488 1254 548 1308 dies
566 1259 623 1307 tam
641 1253 758 1307 fortibus
776 1253 849 1306 ausis

160 1332 325 1384 Dissimilem
343 1331 480 1398 arguerit;
504 1334 610 1384 tantum
630 1331 738 1384 fortuna
756 1329 875 1384 secunda

162 1409 244 1461 Haud
262 1408 377 1461 adversa
394 1408 483 1461 cadat.
520 1407 575 1461 Sed
594 1411 622 1461 te
642 1425 724 1476 super
743 1407 832 1458 onmia
850 1404 922 1458 dona

161 1485 251 1538 Unum
270 1501 330 1538 oro:
354 1485 480 1551 genetrix
501 1485 602 1536 Priami
621 1484 657 1536 de
675 1491 757 1550 gente
775 1486 884 1534 vetusta

161 1561 211 1614 Est
228 1560 303 1622 mihi,
322 1577 403 1628 quam
422 1562 549 1612 miseram
568 1561 657 1612 tenuit
675 1575 728 1611 non
747 1559 800 1610 llia
820 1557 902 1610 tellus
971 1571 1006 1609 aas

160 1637 269 1689 Mecum
287 1635 472 1700 excedentem,
491 1651 544 1686 non
563 1636 670 1687 moenie.
687 1635 759 1702 regis
778 1636 904 1687 Acestae.

161 1713 239 1765 Hanc
257 1729 307 1778 ego
325 1728 396 1764 nnnc
413 1711 535 1778 ignaram
553 1711 633 1764 huius
646 1711 837 1778 quodcumque
855 1709 949 1777 pericli
965 1713 1006 1764 est

161 1789 249 1856 Inque
268 1789 412 1841 salutatam
431 1787 538 1855 linquo;
562 1786 625 1840 Nox
643 1789 672 1840 et
690 1791 738 1840 tua
756 1786 836 1839 testis

162 1865 290 1929 Dextera,
310 1863 383 1932 quod
402 1880 535 1930 nequeam
554 1863 678 1916 lacrimas
697 1863 819 1931 perferre
837 1861 965 1929 parentis.

163 1942 201 1994 At
218 1943 257 2007 tu,
276 1957 330 2007 oro,
349 1939 436 1992 solare
453 1939 569 2007 inopem,
588 1942 616 1992 et
635 1955 761 1992 succurre
780 1938 898 1991 relictae.
972 1952 1008 1990 coo

161 2017 240 2070 Hanc
257 2016 315 2069 sine
332 2033 376 2069 me
394 2031 470 2082 spem
488 2015 561 2068 ferre
579 2015 633 2069 tul:
658 2015 803 2068 audentior
821 2013 866 2067 ibo

161 2093 194 2144 In
212 2109 291 2146 casus
309 2093 402 2144 onmis,
439 2091 571 2144 Percussa
588 2095 680 2144 mente
698 2090 801 2144 dedere

160 2168 335 2220 Dardanidae
352 2167 490 2230 lacrimas3
514 2171 578 2218 ante
595 2167 682 2218 omnis
699 2167 812 2233 pulcher
830 2165 914 2232 Iulus,

161 2246 256 2312 Atque
274 2244 393 2296 animum
413 2242 519 2308 patriae
538 2241 649 2294 strinxit
667 2242 781 2310 pietatis
798 2241 896 2308 imago.

160 2321 229 2373 lum
247 2320 286 2373 sic
304 2319 414 2371 effatur:
973 2331 1007 2369 aaa

161 2395 270 2465 Sponde
288 2395 372 2462 digna
390 2395 444 2446 tuis
462 2392 618 2460 ingentibus
637 2392 727 2446 omnia
745 2392 856 2462 coeptis.

161 2473 287 2540 Namque
305 2471 358 2525 erit
376 2470 430 2523 ista
448 2469 513 2521 mihi
530 2469 664 2537 genetrix,
683 2485 836 2537 nomenque
855 2467 973 2522 Creusae

161 2548 253 2602 Solum
272 2548 397 2614 defuerit,
416 2562 466 2598 nec
483 2550 591 2613 partum
610 2546 699 2613 gratia
717 2545 800 2598 talem

162 2625 249 2678 Parva
267 2627 368 2677 manet.
405 2622 491 2676 Casus
508 2622 611 2674 factum
630 2622 796 2690 quicumque
814 2623 972 2688 sequentur,

164 2701 215 2753 Per
232 2704 314 2768 caput
332 2701 382 2752 hoc
400 2699 467 2766 iuro,
487 2715 535 2766 per
554 2699 628 2765 quod
644 2701 724 2766 pater
742 2701 806 2752 ante
824 2697 943 2752 solebat:
971 2712 1007 2750 eoo

160 2777 236 2840 Quae
253 2776 305 2829 tibi
323 2776 451 2844 polliceor
468 2775 562 2828 reduci
580 2774 718 2842 rebusque
736 2775 867 2838 secundia,

161 2852 239 2906 Haeo
256 2853 352 2906 eadem
371 2851 507 2916 matrique
525 2855 590 2904 tuae
607 2851 756 2918 generique
773 2851 931 2904 manebunt.

161 2929 205 2983 Sic
223 2929 262 2982 ait
280 2927 466 2990 inlacrimans3
489 2926 602 2979 humero
621 2927 701 2979 simul
719 2926 797 2980 exuit
815 2943 915 2994 ensem,

161 3005 305 3069 Auratum,
324 3003 393 3055 mira
411 3018 491 3071 quem
509 3002 612 3056 fecerat
631 3007 690 3056 arte
710 3003 815 3071 Lycaon

161 3081 278 3135 Gnosius
295 3083 378 3148 atque
396 3077 515 3130 habilem
533 3080 631 3146 vagina
648 3082 757 3147 aptarat
775 3078 886 3131 eburna.
973 3095 1007 3134 sea

161 3157 217 3212 Dat
235 3159 260 3212 N
263 3158 303 3212 iso
322 3154 483 3208 Mnestheus
501 3155 600 3223 pellem
619 3155 810 3222 horrentisque
828 3155 914 3210 lconis

160 3235 293 3300 hauriam
317 3233 422 3306 galeam
441 3229 513 3286 fidus
530 3235 670 3304 permutat
689 3231 793 3289 Aletes.
