2290 3568
8 89 10 128 r

7 141 10 192 l

6 193 9 254 l

7 261 9 282 l

394 148 576 197 AENmDOS
598 149 667 198 LIB.
690 150 771 200 VIII.
963 151 1010 198 235

160 228 325 298 Ingrediens,
345 230 473 296 varioque
492 229 562 282 viam
580 247 704 284 sermone
723 230 838 285 levabat

157 307 275 359 Miratur
293 305 434 373 liacilisque
452 307 543 360 oeulos
561 308 617 360 sert
635 309 724 361 omnia
741 309 842 361 circum
973 321 1009 360 333

159 387 274 445 Aeneas,
293 382 453 450 capiturque
472 383 543 448 loeis,
563 388 592 438 et
610 385 716 451 singula
735 385 823 440 lactus

157 459 337 526 Exquiritque
356 458 487 527 auditque
508 461 595 514 virum
614 466 791 513 monumenta
809 460 941 529 priorum.

156 535 224 586 Tum
243 551 292 587 rex
312 533 454 588 Euandrus
476 536 613 590 Romanae
633 537 757 590 conditor
774 537 857 590 arcis:

158 611 233 664 Haec
251 628 362 664 nemora
379 611 524 680 indigenae
545 613 630 666 Fauni
651 614 848 682 Nymphaeque
868 612 1007 680 tenebant,

155 686 284 756 Geasque
301 689 388 741 virum
407 691 511 742 truncis
530 697 559 743 ct
578 690 646 744 dure
666 690 764 743 robore
782 695 854 756 nata,
971 704 1007 741 333

155 765 222 828 Quis
238 781 327 834 neque
343 783 401 818 mos
418 784 507 835 neque
524 767 613 820 cultus
628 771 695 834 erat,
713 784 762 820 333
777 767 890 834 iungere
905 768 1007 830 tauros,

155 842 214 894 Aut
233 858 383 910 conponere
402 859 467 910 opes
486 848 590 905 norant,
608 848 657 898 aut
675 860 787 911 parcere
805 845 892 911 parto,

153 915 208 970 Sed
227 919 294 971 rami
313 924 395 986 atque
414 936 494 986 asper
512 920 585 972 rictu
604 924 716 972 renatos
733 919 831 972 alebat.

155 994 262 1048 Primus
280 995 314 1046 ab
333 995 455 1047 aetherio
474 995 549 1048 venit
568 996 700 1048 Saturnus
719 995 841 1063 Olympo,

154 1073 241 1123 Arma
262 1071 333 1122 loris
352 1071 457 1137 fugiens
477 1074 505 1123 33
523 1071 613 1138 regnis
632 1071 708 1124 exsul
727 1071 868 1139 ademptis.
968 1085 1006 1124 333

155 1147 183 1198 13
200 1163 287 1214 genus
304 1147 419 1199 indocile
438 1163 469 1200 ao
489 1147 642 1215 dispersum
661 1147 798 1202 montibus
815 1147 878 1200 altis

154 1222 308 1292 Conposuit,
328 1223 457 1292 legesque
477 1223 561 1290 dedit,
583 1223 747 1294 Latiumque
765 1225 854 1278 vocari

153 1305 258 1374 Maluit,
278 1307 318 1360 his
337 1307 465 1376 quoniam
485 1307 611 1361 latuisset
629 1311 705 1361 tutus
724 1309 752 1361 in
771 1309 831 1362 oris

154 1385 246 1436 Aurea
265 1401 335 1452 quae
353 1384 505 1452 perhibent,
524 1385 569 1438 illo
589 1385 639 1437 sub
659 1402 723 1453 rege
743 1385 819 1439 luere

151 1459 276 1513 Saecula:
299 1462 336 1513 sic
354 1461 461 1528 placida
480 1461 593 1529 populos
611 1463 638 1514 in
657 1479 723 1530 pace
742 1461 869 1529 regehat;
967 1475 1004 1514 ³2⁵

153 1533 280 1587 Deterior
299 1536 385 1588 donee
403 1537 533 1603 paulatim
552 1554 583 1589 ae
602 1537 711 1590 decolor
729 1543 805 1591 actas

152 1610 188 1664 Et
207 1611 270 1664 belli
290 1611 378 1664 rabies
397 1615 425 1664 et
443 1628 519 1663 anaor
538 1615 666 1666 successit
685 1614 811 1666 habendi.

151 1688 334 1742 'summanus
353 1688 475 1741 Ausonia
492 1692 522 1741 et
540 1693 637 1755 gentes
656 1707 754 1743 venere
774 1691 893 1755 Sicanae,

151 1765 264 1832 Saepius
283 1769 311 1818 et
329 1781 426 1818 nomen
445 1765 538 1832 posuit
557 1765 685 1820 Saturnia
703 1766 798 1830 tellus;

150 1840 218 1893 ‘lum
237 1857 315 1908 reges
334 1857 467 1910 asperque
485 1842 586 1894 inrnani
605 1858 717 1911 corpere
737 1843 857 1911 Thybris,
966 1857 1003 1895 333

151 1917 177 1968 Λ
197 1934 251 1985 que
268 1921 331 1985 post
351 1917 414 1970 Itali
434 1917 867 1986 11331333333333333311331333

151 1992 290 2058 llixinrus3
311 1995 403 2047 amisit
421 2012 515 2048 rernm
534 2000 611 2049 vetus
632 1996 732 2048 hlbola
750 2013 854 2049 nornen.

150 2069 197 2122 Me
215 2070 321 2136 pulsum
342 2072 430 2137 patria
448 2071 593 2138 pelagique
612 2076 736 2124 extrema
755 2077 914 2140 sequentem

151 2144 272 2204 Fortuna
291 2147 462 2213 earnipotcns
482 2152 511 2198 33
529 2147 702 2200 ineluctabile
722 2149 807 2201 fatum

151 2221 203 2273 His
221 2238 337 2289 posuere
356 2222 428 2285 locis,
447 2223 597 2290 matrisque
617 2240 698 2290 egere
716 2225 860 2278 tremenda
963 2241 1000 2280 333

149 2297 303 2351 Carmentis
323 2298 465 2366 Nymphae
484 2299 586 2352 monita
605 2304 634 2352 33
653 2299 720 2352 deus
739 2304 834 2352 auctor
853 2302 958 2369 Apollo.

152 2374 203 2427 Vix
222 2393 254 2429 ca
272 2374 357 2430 diota:
381 2375 477 2428 dehinc
495 2391 656 2444 progressus
674 2381 810 2429 monstrat
827 2381 857 2429 et
874 2394 949 2432 aram

150 2450 186 2505 Et
205 2452 404 2506 Carmentalem
427 2453 541 2505 iternani
560 2454 667 2506 nornine
685 2458 792 2520 portam

149 2529 236 2594 Quam
246 2535 405 2596 memorant,
418 2529 559 2598 h'ynrphae
570 2531 688 2598 priscum
700 2530 852 2583 Carmentis
862 2530 999 2598 honorem,

148 2603 228 2658 Vatis
246 2606 381 2673 fatidicae,
401 2607 499 2658 cecinit
517 2624 588 2674 qnae
607 2607 694 2674 prima
712 2607 818 2660 futuros
963 2622 999 2661 33

148 2681 293 2735 Aeneadas
313 2700 425 2751 magnos
444 2687 472 2737 et
491 2683 579 2736 nobile
600 2683 776 2736 Pallanteum.

149 2757 221 2810 llinc
239 2759 329 2811 lncnm
347 2760 494 2828 ingentem,
513 2777 593 2829 quem
614 2760 745 2813 Romulus
763 2777 825 2814 acer
845 2758 958 2826 Asylum

149 2833 269 2887 Rettulit
288 2839 315 2888 et
335 2836 425 2902 gelida
443 2841 577 2890 monstrat
597 2836 647 2889 sub
666 2853 734 2904 rupe
754 2836 895 2905 Lupercal,

148 2909 293 2963 Parrhasio
312 2911 415 2964 dietum
436 2913 523 2966 Panos
542 2913 576 2966 de
595 2930 669 2966 more
689 2913 792 2981 lqeaci.

149 2986 206 3040 Nec
225 3005 278 3039 nen
297 2991 325 3040 et
344 2988 412 3040 sacri
430 2993 564 3042 monstrat
583 3007 677 3042 nemus
698 2989 823 3056 Argileti,
962 3003 1004 3045 333,

148 3063 330 3132 Testatnrqne
348 3063 443 3130 locum,
462 3070 491 3117 ot
508 3066 594 3118 letum
613 3065 694 3118 docet
711 3065 826 3132 hospitis
846 3063 922 3132 Argi.

149 3140 221 3193 Hine
239 3141 275 3193 ad
294 3140 435 3208 Tarpeiam
454 3141 547 3193 sedem
565 3146 594 3194 et
615 3141 749 3209 Capitolia
767 3141 851 3207 ducit,

149 3216 242 3333 33333
260 3233 338 3282 nnnc,
357 3217 420 3269 olim
441 3216 611 3270 silvestribus
628 3216 740 3270 horrida
757 3215 854 3270 dumis.
