2290 3568
420 138 601 188 AENEIDOS
618 141 688 190 LIB.
708 141 758 192 VI.
966 143 1010 192 191

159 215 331 284 Inpositique
349 217 423 282 rogis
441 217 551 270 iuvenes
570 223 634 272 ante
652 237 700 275 ora
718 226 877 290 parentum:

159 291 245 354 Quam
265 292 352 344 multa
369 292 396 344 iu
416 291 489 345 silvis
508 296 631 348 autumni
649 297 750 365 frigore
769 299 856 367 primo

158 367 246 435 Lapsa
266 367 366 420 cadunt
385 368 456 438 folia,
476 371 578 423 autad
597 375 699 426 terram
718 376 828 442 gurgite
846 380 881 428 ab
899 379 955 429 alto
976 389 1012 430 ³1⁰

158 444 245 508 Quam
264 443 366 497 multae
384 445 571 512 glomerantur
590 466 660 518 aves,
680 451 726 503 nbi
745 451 860 519 frigidus
878 469 963 506 annus

157 521 242 574 'l'raus
259 523 374 590 pontum
394 522 471 590 fugat
492 527 521 576 et
539 526 620 578 terris
639 527 754 582 inmittit
772 529 876 598 apricis.

158 597 273 650 Stabant
292 602 402 652 orantes
421 601 502 667 primi
523 604 712 658 transmittere
731 622 848 672 cursum,

157 673 372 742 [tendebantque
393 693 488 730 manus
509 679 583 746 ripae
603 681 741 734 ulterioris
759 699 858 736 amore.

157 749 257 804 Navita
275 751 325 804 scd
343 752 431 806 tristis
450 771 521 808 nunc
540 755 589 808 hos
608 773 678 810 nunc
697 759 795 826 accipit
812 759 880 826 illos,
978 773 1013 812 su

159 828 212 881 Ast
229 827 297 880 alios
315 828 394 896 longe
415 831 557 884 submotos
576 837 651 886 arcet
671 851 759 888 arena.

158 906 266 957 Aeneas
284 905 398 958 miratus
418 907 490 959 enim
509 912 654 976 motusque
673 911 794 964 tumultu

157 981 214 1048 Dic,
233 981 278 1044 ait,
297 998 313 1033 0
332 981 415 1050 virgo,
435 983 502 1051 quid
521 983 577 1036 volt
597 1002 742 1039 concursus
761 987 796 1039 ad
816 989 940 1042 amueml

157 1057 264 1120 Quidve
282 1060 381 1126 petunt
400 1059 524 1112 animae?
544 1060 586 1113 vel
607 1079 660 1130 quo
679 1062 834 1116 discrimino
852 1064 925 1132 ripas

160 1133 219 1187 liae
236 1133 373 1202 linquunt,
393 1135 455 1188 illae
473 1136 557 1189 remis
576 1139 646 1192 vada
664 1139 747 1192 livida
764 1143 894 1195 verruntl
976 1156 1011 1194 sac

157 1209 210 1262 Olli
230 1211 268 1263 sic
287 1210 408 1266 breviter
425 1213 482 1266 fata
501 1219 544 1266 est
563 1214 692 1282 longaeva
711 1216 850 1272 sacerdos:

158 1284 277 1341 Anchisa
294 1295 432 1357 generate,
453 1291 535 1344 deum
555 1293 707 1346 certissima
726 1294 823 1362 proles,

157 1364 250 1433 Cocyti
269 1370 366 1433 stagna
385 1367 441 1421 alta
461 1368 537 1422 vides
558 1369 735 1439 Stygiamque
754 1371 890 1440 paludem,

157 1439 192 1494 Di
211 1443 285 1497 cuius
303 1443 394 1498 iurare
414 1445 513 1498 timent
533 1450 561 1500 ct
580 1446 674 1500 fallere
692 1465 802 1502 numen.

159 1518 234 1574 Haec
246 1521 340 1587 omnis,
355 1538 435 1589 qnam
450 1522 546 1589 cernis,
559 1523 637 1592 inops
650 1524 846 1593 inhumataque
860 1523 942 1577 turba
953 1526 1012 1586 cst3

158 1595 278 1649 Portitor
297 1597 343 1650 ille
363 1599 486 1662 Oharon;
509 1599 543 1662 hi,
563 1617 631 1667 quos
650 1600 724 1652 vehit
742 1601 822 1668 unda,
842 1599 949 1668 sepulti.
976 1614 1012 1653 aaa

158 1672 215 1726 Nec
233 1675 305 1742 ripas
325 1674 408 1727 datur
426 1675 576 1728 horrendas
596 1679 625 1730 et
643 1693 725 1728 rauca
743 1677 845 1730 fluenta

157 1749 354 1820 Transportare
373 1752 455 1820 prius,
475 1767 557 1821 quam
577 1751 687 1806 sedibus
706 1769 767 1806 ossa
787 1754 921 1820 quierunt.

158 1827 275 1880 (lentum
295 1832 387 1882 errant
406 1845 490 1882 armos
510 1829 680 1898 volitantque
698 1829 765 1882 haec
785 1829 865 1882 litora
883 1831 1000 1895 circum:

157 1903 225 1958 'lum
244 1905 355 1959 demum
374 1907 486 1960 admissi
505 1910 601 1975 stagna
620 1910 750 1974 exoptata
768 1906 897 1959 revisunt.
976 1920 1013 1960 330

158 1981 287 2036 Constitit
308 1983 427 2037 Anchisa
446 1988 522 2038 satus
541 1987 570 2036 et
589 1983 702 2050 vestigia
720 1982 827 2051 pressit,
1022 1981 1023 1985 ’

157 2056 247 2112 Multa
265 2064 373 2127 putans,
393 2065 549 2128 sortemque
569 2060 657 2112 animo
676 2060 820 2112 miseratus
839 2059 966 2127 iniquam.

158 2135 253 2188 Oernit
270 2136 308 2187 ibi
328 2141 445 2189 rrraestos
465 2140 494 2188 et
512 2137 608 2190 mortis
626 2136 729 2188 honore
747 2136 867 2188 carentis

159 2211 317 2279 Leucaspim
336 2216 365 2264 ct
385 2212 480 2280 Lyciae
500 2213 642 2265 ductorem
661 2211 754 2264 classis
773 2210 902 2278 Oronten,

158 2287 231 2350 Quos
250 2289 336 2356 simul,
356 2305 372 2343 a
390 2289 469 2342 Troia
488 2292 599 2341 ventosa
618 2304 667 2356 per
686 2304 804 2355 aequora
822 2290 922 2355 vectos,
976 2302 1011 2341 aas

157 2363 256 2418 Obruit
277 2369 387 2434 Auster,
407 2382 477 2434 aqua
495 2365 635 2418 involvens
653 2381 803 2432 navemque
823 2363 957 2431 virosque.

192 2441 261 2496 Ecce
278 2442 446 2510 gubernator
465 2460 524 2497 sese
545 2442 688 2495 Palinurus
707 2441 813 2509 agebat,

158 2517 210 2583 Qui
229 2519 329 2588 Libyco
349 2538 435 2590 nuper
454 2539 542 2589 cursu,
562 2520 627 2572 dum
647 2519 737 2572 sidera
756 2521 853 2584 servat,

159 2595 305 2650 Exciderat
323 2600 407 2667 puppi
426 2599 523 2654 mediis
543 2597 643 2651 effusus
661 2597 689 2648 in
708 2595 794 2648 undis.

158 2673 240 2726 Hunc
258 2673 304 2726 ubi
323 2676 366 2728 vix
385 2677 472 2730 multa
490 2679 624 2729 maestum
644 2673 770 2740 cognovit
788 2673 815 2724 in
835 2671 939 2737 umbra,
974 2683 1011 2722 31⁰

158 2750 201 2804 Sic
219 2750 295 2818 prior
314 2752 483 2822 adloquitur:
508 2753 574 2817 Quis
592 2756 629 2818 tc,
651 2750 784 2816 Palinure,
804 2749 915 2801 deorum

158 2827 267 2896 llripuit
286 2827 370 2896 nobis,
389 2830 534 2898 medioque
554 2829 603 2882 sub
623 2843 741 2896 aequore
759 2827 871 2880 mersitl

159 2903 208 2957 llic
227 2921 286 2972 age.
323 2905 447 2975 Namque
466 2907 539 2974 mihi,
558 2906 640 2958 fallax
658 2905 731 2958 hand
751 2906 814 2956 ante
832 2903 966 2969 repertus,

159 2980 219 3034 Hoc
237 2997 291 3034 uno
309 2998 437 3050 responso
456 2983 575 3035 aninmm
594 2981 695 3034 delusit
714 2979 820 3048 Apollo,

158 3058 211 3122 Qui
229 3058 287 3110 fore
305 3061 333 3110 te
351 3063 435 3127 ponto
453 3057 621 3124 incolumem,
640 3057 756 3125 finisque
774 3054 889 3108 canebat
975 3067 1011 3107 css

158 3136 314 3188 Venturum
335 3137 478 3190 Ausonios.
515 3135 557 3188 Iln
575 3135 641 3187 haee
659 3132 792 3201 promissa
810 3130 880 3184 fides
898 3130 957 3186 esti

159 3211 211 3267 Illo
229 3215 334 3265 autem:
358 3212 455 3283 Neque
473 3216 502 3268 tc
522 3211 626 3266 Plrocbi
644 3209 749 3264 cortina
766 3207 872 3277 fefellit,
