2268 3570
381 163 563 213 AENEIDOS
580 163 651 214 LIB.
670 164 721 214 XI.
932 169 980 214 299

127 249 223 305 Dicam
241 250 376 319 equidem,
388 249 453 304 lioet
470 267 547 305 arma
561 251 627 304 milri
642 254 814 322 mortemque
827 253 981 306 minetur—-

128 327 243 382 Lumina
260 330 304 381 tot
320 327 452 382 cecidisse
470 327 570 382 ducum
588 332 731 398 totamque
748 329 875 383 videmus

128 403 288 457 consedisse
306 403 403 457 urbem
421 404 504 469 luotu,
523 404 589 458 duur
607 405 688 458 Troia
705 408 825 471 temptat
945 420 981 459 aso

128 479 233 545 Castra,
251 478 333 546 fugae
352 479 447 546 fidens,
465 483 496 534 et
513 480 618 534 caelum
636 481 748 536 territat
765 481 857 536 armis.

129 553 218 609 Unum
236 555 320 609 etiarn
338 555 416 608 donis
434 555 502 624 istis,
522 573 592 624 quae
610 556 729 624 plurima
745 558 819 612 mitti

127 629 294 686 Dardanidis
312 631 422 701 dicique
440 632 523 698 iubes,
542 649 634 700 unum,
653 637 765 702 optume
782 649 887 702 rogum,

127 708 265 774 adiiciam
288 725 338 762 nec
356 712 386 763 te
403 709 485 762 ullius
502 708 634 763 violentia
651 709 749 776 vincat,

126 785 198 850 Quin
215 789 308 841 nutam
326 787 436 856 egregio
453 804 555 858 genero
573 787 719 856 dignisque
737 787 893 854 hymenaeis
943 799 980 839 aas

126 859 183 916 Des
200 865 286 932 pater,
305 868 335 918 ot
353 880 447 933 paoem
465 863 535 918 hano
552 867 665 918 aeterno
682 863 795 918 loedere
812 863 913 916 firmos.

126 937 246 1002 Quodsi
264 943 359 994 tantus
377 940 462 994 habet
480 943 586 994 mentes
604 943 633 994 et
650 944 761 1008 pociora
778 943 875 1006 terror,

125 1012 220 1082 Ipsum
239 1015 419 1083 obtestemur,
437 1016 599 1085 veniamque
617 1033 726 1070 oramus
744 1015 779 1068 ab
796 1016 869 1084 ipso:

126 1089 222 1156 (ledat,
240 1091 283 1144 ius
301 1093 442 1161 proprium
459 1093 517 1160 regi
536 1093 697 1162 patriaeque
715 1093 846 1146 remittat.

125 1165 198 1230 Quid
215 1167 329 1222 miseros
346 1169 447 1222 totiens
464 1167 493 1220 in
511 1174 607 1237 aperta
625 1168 745 1236 pericula
762 1169 828 1222 civis
943 1182 980 1220 aaa

126 1241 245 1310 Proiiois,
264 1260 280 1297 o
299 1244 379 1298 Latio
397 1247 480 1313 caput
497 1245 592 1297 horum
612 1249 640 1298 et
658 1260 754 1298 caussa
771 1245 921 1298 maloruml

125 1316 208 1372 Nulla
225 1320 298 1374 salus
316 1320 402 1386 bello;
426 1337 521 1389 pacem
540 1321 724 1390 tepescimus
742 1337 844 1388 omnes,

125 1393 222 1462 Turne,
241 1397 321 1450 simul
339 1397 414 1464 pacis
432 1397 518 1450 solum
537 1396 691 1450 inviolabile
709 1397 816 1466 pignus.

126 1469 233 1525 Primus
251 1489 309 1540 eg0‚
328 1473 444 1526 invisum
464 1490 545 1542 quom
564 1476 597 1527 tu
614 1473 665 1527 tibi
684 1473 771 1540 lingis
790 1477 820 1527 et
838 1489 897 1527 esse

126 1545 170 1600 Nil
189 1564 286 1614 moror,
299 1565 333 1602 eu
352 1549 466 1617 supplex
485 1549 571 1602 venio.
608 1550 740 1602 Miserere
755 1553 872 1613 tuorum,
942 1563 979 1602 aas

126 1623 198 1676 Pone
216 1624 327 1690 animos,
347 1629 376 1678 et
393 1625 487 1692 pulsus
505 1625 556 1679 abi.
595 1626 643 1679 Sat
661 1625 756 1678 lunera
773 1624 827 1678 fusi

125 1697 258 1766 Vidimus,
278 1700 396 1768 ingentis
414 1705 443 1754 et
460 1700 643 1754 desolavimus
662 1717 749 1768 agros

125 1774 191 1843 Aut,
209 1775 232 1828 si
250 1776 323 1829 fama
340 1780 439 1844 movet,
458 1777 481 1831 si
499 1781 607 1831 tantum
626 1782 738 1846 pectore
755 1775 840 1829 robur

124 1849 255 1920 Concipis,
275 1855 303 1905 et
322 1853 344 1904 si
362 1853 432 1906 adeo
451 1853 551 1907 dotalis
568 1854 645 1920 regia
662 1852 737 1906 cordi
757 1855 807 1920 est,

124 1927 214 1992 Ande,
227 1931 311 1997 atque
330 1929 475 1982 adversum
494 1929 581 1982 fidens
597 1929 639 1982 lar
652 1932 748 1997 pectus
763 1929 790 1980 in
805 1927 919 1982 hostem.
941 1942 979 1982 aro

9 2037 10 2042 ,
123 2001 239 2070 Scilicet,
257 2007 289 2057 ut
307 2004 398 2056 Turno
416 2005 557 2072 contingat
575 2005 651 2072 regia
669 2005 793 2072 coniunx,

123 2077 189 2145 Nos,
208 2079 314 2133 animae
332 2080 407 2147 viles,
424 2080 566 2134 inhumata
582 2081 731 2149 infletaque
749 2081 838 2147 turba,

123 2153 284 2209 Sternantur
301 2157 410 2224 campis.
449 2157 538 2210 Etiam
557 2161 596 2224 tu,
615 2158 637 2209 si
656 2173 710 2226 qua
727 2156 779 2210 tibi
797 2157 845 2224 vis,

123 2229 152 2284 Si
170 2231 253 2298 patrii
272 2231 339 2300 quid
358 2232 457 2286 Martis
475 2232 566 2299 habes,
585 2233 661 2286 illurn
681 2231 771 2300 aspice
789 2235 891 2298 contra,

123 2305 177 2370 Qui
196 2310 282 2361 vocat.
941 2323 978 2362 are

158 2382 269 2436 Talibus
287 2384 391 2437 exarsit
409 2383 491 2438 dictis
509 2385 637 2439 violentia
656 2385 759 2448 Turni3

125 2455 179 2510 Dat
196 2460 337 2526 gemitum,
355 2460 513 2529 rumpitque
531 2461 580 2514 has
598 2461 652 2514 iuro
671 2467 781 2529 pectore
799 2477 892 2515 voees:

10 2529 11 2604 J
124 2533 213 2601 Larga
232 2535 350 2603 quidem,
370 2535 486 2601 Drance,
508 2553 617 2604 sempor
635 2537 686 2590 tibi
704 2538 781 2605 copia
798 2537 873 2590 fandi

10 2617 12 2676 l
123 2609 200 2678 Tum,
218 2627 279 2663 cunr
298 2610 370 2664 bolla
387 2629 483 2666 manus
501 2615 630 2681 poscuut3
654 2613 834 2681 patribusque
852 2611 955 2667 voeatis

124 2685 232 2738 Primus
247 2686 320 2739 ades.
359 2687 414 2741 Sed
432 2705 486 2741 non
502 2689 634 2758 replenda
654 2693 697 2742 est
715 2689 790 2742 curia
807 2688 905 2754 verbis,
939 2703 977 2742 aaa

11 2775 12 2798 ³
123 2760 199 2824 Quae
217 2765 279 2816 tuto
297 2763 348 2816 tibi
367 2781 465 2832 magna
482 2765 580 2826 volant
597 2765 663 2818 dum
682 2764 798 2818 distinct
815 2765 921 2818 hostem

11 2845 12 2914 ξ
123 2839 219 2905 Agger
237 2855 385 2906 murorum,
403 2856 453 2894 neo
470 2840 604 2894 inundant
622 2841 753 2909 sanguine
771 2841 865 2893 fossae.

124 2913 243 2967 Proinde
262 2918 328 2968 tona
347 2915 462 2984 eloquio,
481 2917 591 2970 solitum
611 2916 676 2980 tibi;
701 2933 800 2985 meque
820 2915 926 2968 timoris

123 2991 219 3056 Argue
238 2994 276 3056 tu,
294 2991 408 3058 Drance,
423 2993 537 3060 *quando
555 2996 598 3046 tot
616 2993 716 3060 stragis
733 3009 842 3045 acervos

122 3064 289 3119 deucrorum
307 3070 356 3120 tua
373 3067 472 3122 dextra
490 3068 575 3133 dedit
593 3069 749 3136 passimque
766 3066 886 3135 tropaeis
939 3081 976 3120 aas

124 3141 243 3209 Insignis
261 3159 349 3210 agros.
387 3143 477 3198 Possit
496 3145 563 3212 quid
581 3145 671 3197 vivida
689 3143 783 3211 virtus,

12 3255 13 3260 κ
124 3216 274 3286 lepen‘aro
292 3218 370 3283 licet;
390 3236 440 3274 uec
458 3219 537 3287 longe
555 3219 658 3274 scilicet
675 3218 768 3274 hostes

189 3293 219 3340 24
