2268 3570
138 185 185 231 292
367 181 395 228 P.
415 180 566 228 VERGILI
592 179 759 227 MARONIS

138 263 193 317 Seu
212 261 300 314 mollis
320 262 412 329 violae,
432 279 481 316 seu
497 261 653 330 languentis
670 259 817 330 hyacinthi,

139 339 189 392 Oui
202 355 291 406 neque
303 337 393 404 fulgor
405 339 501 406 adhuc,
513 354 564 392 nec
576 338 642 390 dum
654 353 704 390 sua
715 337 802 389 lomna
813 335 943 400 recessit3
963 349 988 390 ⁷0

139 414 200 466 Non
218 415 272 466 ianr
290 418 379 467 mater
397 414 446 468 alit
464 414 553 481 tellus,
572 413 691 480 virisque
709 413 855 466 ministrat.

138 490 206 542 'lum
224 489 347 556 geminas
364 493 454 544 vestes
471 506 592 558 auroque
610 494 738 556 ostroque
756 488 871 555 rigentis

138 565 245 618 Extulit
265 567 380 632 Aeneas,
400 582 468 634 quas
486 565 524 618 illi
544 567 617 619 laeta
634 565 756 618 laborum

140 641 205 710 Ipsa
223 640 279 694 suis
297 640 434 709 quondam
454 641 577 694 manibus
595 641 706 694 Sidonia
725 641 797 694 Dido

139 717 261 784 Fecerat,
280 720 309 770 et
327 717 403 770 tenui
421 717 491 771 telas
510 717 678 771 discreverat
695 733 768 770 auro.
963 729 988 770 rs

141 793 245 845 Harum
263 809 346 846 unam
364 793 454 846 iuveni
473 810 631 862 supremum
650 795 770 846 maestus
787 792 918 847 honorem

140 868 241 932 Induit,
261 886 424 936 arsurasque
442 887 532 922 concas
550 869 665 938 obnubit
682 869 801 933 anrictu3

139 944 282 1012 Multaque
300 948 444 1012 praeterea
465 945 608 997 Laurentis
626 945 748 1012 praemia
765 961 872 1014 pugnae

139 1021 269 1088 Aggerat,
288 1028 317 1074 et
335 1021 413 1088 longo
431 1019 560 1088 praedam
579 1020 656 1073 iubet
674 1020 769 1073 ordine
788 1020 859 1074 duci.

140 1097 228 1150 Addit
246 1113 330 1165 equos
348 1099 377 1149 et
395 1097 457 1162 tela,
476 1096 574 1164 quibus
593 1097 756 1165 spoliaverat
773 1096 887 1150 hostem.
962 1111 988 1148 eo

141 1173 272 1226 Vinxerat
290 1177 318 1226 et
336 1175 398 1240 post
416 1176 495 1240 terga
513 1189 615 1238 manus,
636 1189 703 1240 quos
721 1173 846 1226 mitteret
864 1172 970 1225 umbris

141 1249 261 1315 Inferias,
280 1264 358 1301 caeso
377 1265 521 1316 sparsurus
540 1249 669 1315 sanguiue
687 1248 837 1313 flammam

142 1325 311 1392 indutosque
329 1323 406 1376 iubet
423 1327 535 1376 truncos
552 1323 696 1376 hostilibus
714 1325 797 1378 armis

139 1401 218 1470 lpsos
235 1401 308 1452 ferre
326 1399 415 1464 duces,
433 1400 595 1466 inimicaque
613 1401 721 1454 nomina
740 1401 792 1469 figi.

140 1477 255 1530 Ducitur
273 1475 368 1528 infelix
387 1492 452 1528 aevo
471 1476 609 1529 confectus
629 1478 755 1544 Acoetes
962 1493 988 1531 aa

139 1553 254 1607 Pectora
271 1569 342 1607 nune
359 1551 471 1605 foedans
488 1552 593 1621 pugnis,
612 1569 683 1606 nunc
701 1553 838 1620 unguibus
856 1570 917 1618 ora3

140 1629 287 1695 Sternitur,
307 1632 335 1682 et
353 1632 412 1682 toto
430 1629 567 1697 proiectus
585 1646 697 1698 corpere
715 1634 814 1685 terrae.

139 1706 248 1759 Ducunt
266 1711 295 1759 et
314 1705 417 1758 Rutulo
436 1705 559 1773 perfusos
578 1707 707 1773 sanguine
725 1723 827 1760 currus.

139 1781 206 1836 Post
224 1782 339 1835 bellator
356 1798 449 1848 equus,
468 1781 564 1848 positis
582 1781 740 1850 insignibus,
761 1783 878 1850 Aethon,

139 1859 167 1912 It
184 1859 335 1924 lacrimans,
353 1858 495 1926 guttisque
513 1858 654 1910 humectat
672 1859 821 1924 grandibus
839 1876 892 1913 ora.
961 1874 987 1913 eo

142 1935 255 1987 Hastam
273 1933 319 1986 alii
330 1933 496 2001 'galeamque
526 1937 622 1996 erunt;
640 1949 700 1984 narn
721 1937 812 1986 cetera
830 1935 936 1987 Turnus

140 2010 233 2064 Victor
261 2009 350 2064 habet.
388 2008 456 2062 'lum
486 2012 590 2061 maesta
617 2008 735 2075 phalanx
764 2009 915 2076 'Pencrique
945 2027 985 2063 se-

207 2089 328 2154 quantur

138 2163 324 2232 Tyrrhenique
342 2179 436 2216 omnes
455 2168 484 2216 et
503 2162 587 2215 versis
607 2161 729 2216 Arcades
747 2163 835 2216 armis.

140 2240 286 2306 Postquam
305 2239 391 2292 omnis
409 2239 488 2307 longe
507 2238 634 2291 comitum
655 2243 824 2305 processerat
842 2239 916 2306 ordo,

138 2315 267 2368 Substitit
291 2316 404 2380 Aeneas,
421 2315 581 2382 gemituque
599 2313 665 2366 haec
684 2314 793 2368 addidit
811 2315 880 2370 alto:
961 2330 986 2368 aa

141 2391 195 2444 Nos
213 2391 280 2445 alias
298 2391 360 2444 hinc
379 2390 415 2443 ad
433 2391 557 2443 lacrimas
576 2389 671 2442 eadem
690 2390 801 2443 horrida
819 2390 882 2444 belli

141 2467 207 2520 rata
224 2472 335 2521 vocant:
355 2466 428 2520 salve
447 2470 588 2519 aeternum
608 2465 680 2527 mihi,
698 2483 823 2519 maxume
843 2467 925 2531 Palla,

140 2546 346 2611 Aeternumque
364 2543 433 2596 valo.
468 2539 493 2594 N
496 2559 525 2597 ec
544 2542 621 2610 plura
639 2541 736 2593 effatus
755 2543 790 2594 ad
808 2543 878 2595 altos

138 2619 280 2672 Tendebat
298 2636 397 2685 muros,
415 2634 594 2686 gressumque
612 2616 639 2668 in
658 2619 747 2668 castra
764 2615 878 2672 ferebat.

173 2695 288 2764 Iamque
307 2699 428 2749 oratores
446 2695 561 2748 aderant
580 2709 613 2745 cx
632 2692 701 2746 urbe
721 2692 825 2759 Latina,
950 2709 987 2749 100

141 2771 231 2824 l'elati
248 2772 331 2824 rantis
349 2771 432 2834 oleae,
451 2770 611 2837 veniamque
630 2772 770 2836 rogantes:

138 2848 265 2915 Corpora,
285 2864 334 2914 per
351 2863 460 2916 menapos
478 2847 549 2901 ferre
568 2861 638 2912 quac
656 2843 715 2898 fusa
732 2847 864 2914 iacebant,

139 2921 288 2987 recederet,
307 2937 338 2974 ae
355 2922 461 2976 tumulo
480 2922 581 2976 sineret
600 2920 745 2976 succedere
764 2929 871 2988 terrae;

141 2998 250 3050 Nullum
269 3014 330 3050 cum
348 2998 428 3051 victis
446 3001 584 3052 certamen
603 3002 631 3048 et
650 2997 760 3054 aethere
778 3001 875 3062 cassim

140 3073 268 3126 Parcerot
285 3072 438 3140 hospitibus
457 3073 591 3141 quondam
611 3073 765 3142 socerisque
784 3077 892 3130 vocatis.
953 3090 986 3129 ror

139 3150 212 3212 Quos
230 3148 316 3200 bonus
336 3149 452 3216 Aeneas,
471 3150 543 3202 haud
560 3149 732 3214 aspernanda
749 3153 893 3217 precantis,

139 3223 318 3292 Prosequitur
335 3225 421 3292 venia,
440 3229 469 3281 et
486 3226 575 3280 verbis
594 3221 661 3276 haec
679 3226 789 3292 insuper
807 3226 897 3281 addit:
