2290 3568
352 502 381 550 P.
399 503 553 551 VERGILI
571 503 737 554 MARONIS

321 661 788 740 AENEIDOS

415 860 532 913 meaa
554 860 689 914 nonus.
752 934 757 944 ι

488 1034 586 1060 -4--

127 1159 225 1220 Arouu
244 1179 278 1215 ea
295 1163 403 1215 diversa
420 1163 529 1231 penitus
547 1162 612 1215 dum
630 1168 708 1231 parte
726 1169 865 1233 geruntur,

127 1235 194 1287 lrim
213 1238 248 1291 de
266 1238 341 1291 caelo
359 1239 433 1291 misit
453 1239 581 1292 Saturnia
600 1239 669 1291 Iuno

127 1312 268 1366 Audacem
287 1314 322 1367 ad
341 1315 470 1367 Turnum.
507 1315 580 1366 Luco
595 1318 657 1373 ¹tum
675 1315 747 1368 forte
765 1318 886 1384 parentis

128 1388 245 1440 Pilunni
264 1389 372 1443 Turnus
390 1394 496 1444 saerata
513 1390 583 1443 valle
602 1389 723 1444 sedebat.

127 1465 173 1518 Ad
192 1481 274 1533 quem
293 1467 331 1520 sic
349 1483 428 1520 roseo
447 1466 642 1520 Thaumantias
661 1483 708 1520 ore
726 1467 816 1522 locuta
834 1472 890 1522 est:
964 1486 977 1524 s

126 1541 223 1610 Turne,
242 1543 317 1612 quod
335 1543 441 1611 optanti
461 1543 551 1596 divom
568 1543 731 1612 promittere
749 1563 829 1599 nemo

127 1619 261 1686 Auderet,
279 1620 413 1673 volvenda
431 1620 497 1684 dies,
516 1637 558 1687 en,
577 1619 671 1673 attulit
689 1621 769 1674 ultro.

126 1697 242 1763 Aeneas,
261 1697 330 1750 urbe
348 1701 377 1750 et
396 1698 475 1750 sociis
492 1701 521 1751 et
539 1696 626 1750 classe
644 1697 747 1763 relicta,

125 1772 240 1840 Sceptra
260 1774 377 1828 Palatini
396 1774 545 1842 sedemque
564 1773 634 1841 petit
653 1773 780 1825 Euandri.

126 1849 184 1902 Nec
202 1850 281 1903 satis:
300 1853 437 1904 extremas
456 1851 569 1918 Corythi
587 1851 742 1918 penetravit
760 1849 796 1902 ad
814 1852 904 1918 urbes,
954 1867 977 1905 m

125 1926 318 1994 Lydorumque
336 1943 445 1980 manum
464 1927 591 1981 collectos
609 1929 697 1980 armat
716 1927 840 1993 agrestis.

124 2001 197 2066 Quid
210 2002 337 2056 dubitasl
351 2020 421 2057 nunc
433 2008 542 2072 tempus
555 2019 647 2071 equos,
661 2019 732 2054 nune
744 2019 856 2070 poscere
868 2019 972 2057 currus.

125 2079 232 2148 Rumpe
250 2096 341 2132 moras
359 2081 445 2133 omnis
463 2085 492 2134 et
510 2080 622 2134 turbata
640 2079 730 2147 arripe
749 2083 845 2132 eastra.

127 2155 211 2223 Dixit,
230 2156 304 2208 etin
323 2157 427 2210 caelum
446 2156 558 2224 peribus
577 2173 606 2208 se
625 2155 735 2209 sustulit
753 2155 809 2222 alis,

124 2231 325 2300 lugentemque
343 2233 407 2300 iuga
426 2235 512 2287 secuit
531 2233 581 2285 sub
599 2231 717 2285 nubibus
735 2248 835 2285 arcum.
955 2237 977 2275 ¹5

127 2308 267 2376 Adgnovit
286 2309 398 2374 invenis,
418 2310 588 2378 duplicisque
607 2309 641 2360 od
661 2309 752 2362 sidera
769 2309 874 2376 palmas

125 2385 250 2449 Sustulit,
269 2402 301 2438 ac
318 2386 367 2439 tali
385 2387 533 2454 fugientem
553 2390 596 2438 cst
614 2401 678 2437 voce
696 2389 818 2438 secutus:

125 2462 171 2528 Iri,
191 2462 274 2515 decus
293 2463 367 2530 caeli,
387 2463 449 2530 quis
467 2467 495 2516 te
514 2462 579 2513 mihi
599 2460 716 2512 nubibus
734 2465 823 2513 aetam

125 2539 234 2592 Detulit
251 2539 278 2590 in
297 2542 403 2592 terrast
422 2539 495 2592 unde
512 2538 580 2590 hacc
598 2542 654 2590 tam
673 2537 746 2589 clara
764 2541 878 2605 repente

124 2615 301 2683 Tempestas?
320 2616 441 2668 medium
459 2615 539 2668 video
558 2612 698 2666 discedere
716 2613 828 2679 eaelum,
952 2629 976 2667 ao

127 2691 303 2760 l‘alantisque
321 2692 383 2759 polo
402 2691 504 2744 stellas.
542 2690 647 2757 Sequor
665 2689 755 2741 omina
772 2692 857 2756 tanta,

125 2769 253 2837 Quisquis
271 2769 299 2820 in
318 2769 401 2820 arma'
412 2785 500 2826 vocas,
537 2767 573 2820 Et
592 2767 630 2819 sie
648 2765 745 2818 effatus
763 2766 800 2819 ad
817 2767 918 2821 undam

126 2844 269 2910 Processit,
288 2861 447 2912 summoque
466 2844 556 2896 hausit
575 2843 610 2896 de
628 2843 738 2910 gurgite
757 2842 887 2912 lymphas,

125 2920 214 2974 Multa
233 2922 299 2973 dcos
318 2936 405 2986 orans,
425 2919 602 2987 oneravitque
620 2918 732 2972 aethera
749 2920 827 2972 votis.

159 2997 273 3064 Iamque
292 2995 378 3047 omnis
397 2996 500 3064 ‹ampis
518 2996 654 3049 exereitus
671 2995 729 3050 ibat
747 2997 856 3065 apertis,
951 3008 975 3045 as

125 3073 207 3125 Dives
225 3087 335 3139 equum,
355 3071 431 3124 dives
449 3073 532 3140 pictai
550 3073 633 3126 restis
652 3075 680 3125 et
698 3073 772 3137 auri;

125 3147 267 3216 Messapus
284 3147 387 3216 primas
404 3149 483 3216 acies,
500 3152 637 3216 postrema
655 3152 780 3202 coercent

125 3223 274 3292 Tyrrhidm
292 3225 418 3289 iuvenes;
436 3224 527 3278 medio
546 3224 602 3278 dux
620 3226 727 3293 agmine
746 3225 853 3278 Turnus
