2278 3568
137 145 167 194 74
371 142 400 191 Ρ.
420 142 573 190 VEliGILI
591 142 719 190 MARON
724 141 756 190 IS

136 223 264 278 Proderit
282 231 310 278 ct
328 229 439 279 tunsum
457 223 545 290 gallae
563 223 715 280 admiscere
734 241 858 292 saperem

136 300 303 368 Arentisque
321 317 405 362 rosas,
423 304 470 352 aut
488 299 543 365 igni
561 299 671 367 pinguia
689 299 775 354 multe

135 375 258 441 Defruta,
277 377 320 428 vcl
340 375 444 428 Psithia
461 391 555 443 passos
574 376 609 428 de
628 375 683 428 vite
703 393 823 430 racemos

135 451 350 519 Cecropiumque
368 451 490 519 thymum
508 455 537 504 et
555 469 637 520 grave
657 453 758 506 olentia
777 459 929 510 centaurea
953 472 991 512 270

135 527 185 582 Est
204 528 287 581 etiam
306 527 354 580 iles
373 528 400 580 in
419 529 513 597 pratis,
531 529 574 582 cui
591 546 690 582 nemen
710 531 806 584 amello

135 605 237 658 Fecere
255 605 396 671 agricolae,
414 606 500 658 facilis
519 606 714 673 quaerentibus
732 606 830 674 herba;

134 682 260 751 Namque
278 699 332 734 uno
349 682 488 750 ingentem
507 682 580 736 tollit
599 682 633 736 de
653 685 774 752 caespite
793 686 896 754 silvam,

137 760 243 812 Aureus
261 759 327 827 ipse,
346 759 441 812 sedin
460 761 537 827 loliis,
558 778 628 828 quac
647 760 765 829 plurima
784 763 884 816 circum

136 836 305 904 Funduntur,
323 837 409 890 violae
428 837 552 890 sublucet
570 855 691 906 purpura
709 839 816 907 nigrae;
954 853 990 894 27⁵

134 913 220 982 Saepe
238 913 320 968 deum
339 915 416 968 nexis
435 919 546 968 ornatae
565 915 707 982 torquibus
726 933 805 982 arae;

135 991 225 1060 Asper
242 992 269 1045 in
288 1009 336 1048 ore
354 1011 448 1061 sapor;
467 993 553 1046 tonsis
571 993 598 1045 in
617 992 732 1046 vallibus
750 993 825 1046 illum

134 1066 260 1122 Pastores
279 1072 307 1122 ct
325 1087 407 1122 curra
424 1070 520 1136 legunt
537 1085 624 1138 prope
643 1069 754 1122 fiumina
773 1070 879 1124 Mellae.

134 1143 224 1198 Huius
242 1145 355 1198 odorato
374 1147 479 1199 radices
498 1146 613 1214 incoque
632 1145 746 1212 Baccho,

134 1221 291 1291 l'abuleque
308 1222 336 1274 in
354 1222 456 1274 foribus
474 1223 563 1290 plenis
581 1223 689 1290 adpone
709 1225 841 1277 canistris.
953 1239 990 1278 ase

168 1298 223 1352 Sed
242 1301 364 1368 siquem
383 1299 473 1366 proles
492 1298 583 1352 subito
603 1298 738 1352 defecerit
757 1301 850 1369 omnis,

133 1375 197 1444 Nec,
216 1393 302 1444 genus
320 1375 393 1428 unde
412 1391 496 1428 novae
515 1376 607 1443 stirpis
626 1380 779 1444 revocetur,
798 1377 926 1441 habebit,

134 1454 251 1522 Tempus
269 1457 298 1507 et
318 1451 430 1506 Arcadii
449 1452 625 1506 memoranda
643 1453 758 1508 iuventa
776 1455 900 1522 magistri

134 1531 266 1597 Pandere,
285 1529 492 1599 quoquomodo
511 1529 595 1582 caesis
614 1530 667 1582 iam
688 1547 770 1598 saepe
788 1532 909 1585 iuvencis

134 1609 289 1662 insincerus
307 1624 371 1676 apes
389 1606 485 1660 tulerit
503 1623 589 1659 cruor.
630 1607 722 1661 Altius
742 1625 849 1662 omnem
954 1622 990 1661 aas

135 1685 286 1754 Expediam
304 1686 391 1754 prima
409 1688 538 1753 repetens
556 1682 591 1736 ab
611 1684 716 1750 origine
734 1685 841 1738 lamam.

134 1762 278 1832 Namque
298 1762 397 1815 Pellaei
415 1779 482 1828 gens
500 1761 639 1815 fortunata
658 1761 761 1830 Canopi

135 1839 241 1892 Accolit
259 1839 343 1893 effuso
362 1842 535 1906 stagnantem
555 1837 664 1891 flumine
685 1838 776 1891 Nilum

134 1914 171 1968 Et
189 1916 290 1969 circum
309 1917 387 1982 pictis
406 1915 514 1968 vehitur
532 1931 580 1967 sua
598 1931 663 1967 rura
681 1913 808 1982 phaselis,

136 1992 249 2061 Quaque
268 1991 442 2060 pharetratae
460 1991 559 2044 vicinia
578 1991 699 2045 Persidis
719 1993 826 2057 urguet,
955 2003 992 2044 wo

135 2067 172 2123 Et
190 2069 297 2122 diversa
315 2085 396 2122 ruens
414 2072 519 2138 septem
539 2068 669 2121 discurrit
688 2069 715 2120 in
735 2083 781 2120 ora

136 2147 173 2202 Et
190 2146 306 2199 viridem
326 2147 481 2214 Aegyptum
499 2145 577 2213 nigra
595 2145 726 2199 fecundat
744 2160 827 2199 arena

136 2225 230 2295 Usque
249 2224 374 2277 coloratis
392 2223 478 2277 amuis
497 2222 617 2276 devexus
636 2221 670 2275 ab
691 2220 775 2286 lodis,

137 2302 231 2356 Omnis
248 2303 276 2355 in
294 2301 344 2354 hac
362 2306 465 2356 certam
484 2302 558 2368 regio
576 2301 641 2352 iacit
659 2302 720 2351 arte
740 2299 862 2351 salutem.

137 2379 257 2446 Exiguus
276 2380 392 2447 primum
412 2383 494 2448 utque
512 2380 585 2446 ipsos
604 2379 762 2429 contractus
781 2375 816 2426 ad
834 2390 898 2426 usus
957 2389 992 2428 aas

137 2455 253 2524 Illigitur
271 2457 360 2522 locus;
377 2457 449 2509 burc
468 2454 632 2522 angustique
652 2451 766 2503 imbrice
784 2450 852 2502 tecti

138 2531 346 2601 Parietibusquc
365 2536 491 2600 premunt
510 2531 584 2595 artis
605 2532 634 2582 et
654 2531 787 2597 quattuor
804 2525 919 2593 addunt,

138 2610 273 2674 Quattuor
291 2627 307 2662 a
325 2610 420 2675 ventis,
439 2607 549 2675 obliqua
567 2606 628 2658 luce
646 2605 787 2658 fenestras.

138 2689 205 2742 'lum
224 2687 324 2742 vitulus
342 2686 417 2739 bima
434 2700 549 2738 curvans
567 2683 621 2735 iam
641 2697 744 2734 cornua
762 2680 852 2732 lrentc

140 2767 298 2829 Quaeritur5
319 2764 382 2817 huic
400 2763 522 2830 geminae
541 2776 620 2812 nares
640 2763 668 2812 et
688 2759 799 2827 spiritus
817 2757 870 2810 oria
958 2771 995 2809 sec

139 2841 228 2894 Multa
245 2840 391 2895 reluctanti
409 2839 567 2903 obstruitur,
584 2837 727 2905 plagisque
747 2838 890 2904 perempto

140 2917 229 2970 'Pansa
247 2935 296 2986 per
314 2918 449 2984 integram
469 2916 610 2970 solvuntur
628 2915 732 2968 viscera
752 2912 858 2982 pellem.

140 2994 183 3049 Sic
201 2995 320 3062 positum
338 2994 365 3045 in
385 2993 474 3047 clauso
493 2993 626 3062 linquunt,
648 2997 677 3045 et
695 3009 789 3046 ramea
808 2991 890 3044 costis

140 3071 292 3126 Subiiciunt
309 3069 469 3138 fragmenta
488 3069 610 3137 thymum
629 3071 771 3138 casiasque
790 3066 915 3122 recentis.

141 3149 202 3202 Hoc
213 3148 328 3216 geritur,
342 3147 471 3216 Zephyris
483 3148 602 3218 primum
615 3146 811 3215 inpellentibus
824 3143 918 3211 undas,
959 3155 995 3196 aas

141 3225 311 3282 Antenoris
330 3223 446 3278 rubeant
465 3241 545 3296 quam
564 3236 643 3294 prata
660 3224 801 3290 coloribus,
821 3229 885 3276 ante
