2290 3568
131 147 177 198 178
372 147 400 194 P.
420 145 572 195 VERGILI
591 148 755 196 MARON1S

130 226 215 296 Isque
234 226 276 278 his
296 228 409 280 Aenean
428 227 532 280 solatus
549 226 660 280 vocibus
678 227 752 282 infit:

129 301 203 356 Nate
221 302 280 368 dea,
300 318 355 370 quo
373 303 431 356 iata
448 303 564 356 trahunt
581 304 790 372 retrahuntque‚
809 321 973 375 sequamur;

130 377 270 447 Quidquid
284 379 344 444 erit,
355 379 510 447 superanda
523 381 611 434 omnis
623 381 733 434 fortuna
745 383 857 436 ferendo
870 388 920 438 est.
947 401 984 440 710

129 456 180 509 Est
198 456 248 508 tibi
267 455 422 508 Dardanius
441 456 549 509 divinae
568 457 661 526 stirpis
681 459 809 512 Acestes:

129 533 211 586 Hunc
228 548 295 600 cape
312 531 430 584 consiliis
449 533 550 585 socium
569 537 598 586 et
616 533 749 601 coniunge
767 535 919 602 volentem;

130 608 201 662 Huic
219 607 308 676 trade,
326 608 433 660 arnissis
452 614 582 676 superant
601 610 648 678 qui
666 610 788 675 navibus,
806 616 835 665 et
853 629 922 681 quos

129 684 288 738 Pertaesum
307 684 399 752 magni
416 685 520 754 incepti
538 703 685 754 rerumque
705 691 814 742 tuarum
834 693 891 755 est;

104 773 106 776 ·
129 761 341 829 Longaevosque
360 778 438 816 senes
456 779 488 816 ac
505 761 591 816 fessas
610 779 729 832 aequore
747 769 858 830 matres,
945 782 982 822 715

128 837 163 891 Et
181 837 317 906 quidquid
336 841 427 892 tecum
445 839 593 894 invalidum
612 844 792 908 metuensque
809 841 903 909 pericli
922 845 973 912 est,

128 913 231 982 Delige,
251 918 279 968 et
298 914 340 968 his
358 915 478 970 habeant
496 917 578 970 terris
597 916 656 970 sine
674 916 781 970 moenia
797 917 877 983 fessi;

127 991 232 1045 Urbem
250 992 427 1061 appellabunt
445 993 578 1060 permisso
596 993 703 1046 nomine
723 996 861 1049 Acestam.

161 1067 271 1121 Talibus
289 1068 413 1122 incensus
432 1069 513 1122 dictis
532 1070 645 1122 senioris
664 1070 750 1136 amici,

126 1144 194 1198 Tum
213 1161 276 1197 vero
294 1145 322 1196 in
340 1161 419 1198 curas
437 1145 526 1198 animo
545 1145 685 1198 diducitur
704 1145 799 1201 omnis,
945 1161 981 1203 770
1011 1176 1028 1190 ··

126 1220 163 1273 Et
181 1220 244 1273 Nox
262 1226 322 1273 atra
339 1221 432 1288 polum
451 1221 522 1288 bigis
541 1221 672 1275 subvecta
689 1221 817 1277 tenebat:
1028 1216 1033 1225 x

126 1295 192 1350 Visa
210 1297 307 1350 dehinc
324 1296 399 1348 eaelo
418 1296 499 1350 facies
519 1297 632 1365 delapsa
649 1297 773 1365 parentis

125 1372 263 1425 Anchisae
282 1371 372 1424 subito
390 1371 453 1424 talis
472 1371 613 1426 effundere
632 1391 724 1428 voees:

124 1449 204 1515 Nate,
223 1448 289 1500 mihi
308 1447 365 1500 vita
383 1447 528 1516 quondam,
547 1448 613 1502 dum
632 1450 689 1504 vita
706 1451 843 1519 manebat,

125 1523 194 1578 Gare
212 1525 305 1591 magis,
324 1526 396 1591 nate,
417 1523 508 1578 Iliacis
526 1527 646 1580 exercite
664 1527 734 1594 fatis,
943 1542 978 1584 rat

125 1601 235 1669 inperio
255 1599 328 1654 lovis
345 1600 399 1653 huc
417 1601 503 1667 venie,
523 1602 569 1670 qui
588 1602 718 1656 classibus
736 1603 828 1670 ignem

124 1676 244 1746 Depuiit,
263 1681 291 1731 et
309 1677 383 1730 caelo
401 1677 514 1731 tandem
532 1679 679 1732 miseratus
697 1678 732 1732 ab
750 1679 806 1732 alto
824 1683 872 1733 cst.

124 1752 249 1807 Consiliis
267 1771 340 1835 pape,
360 1770 430 1822 quae
450 1771 520 1808 nune
538 1755 720 1822 pulcherrima
739 1754 844 1808 Nautes

123 1829 178 1884 Dat
197 1831 300 1894 senior;
320 1829 404 1883 lectos
422 1829 542 1898 iuvenes,
560 1831 708 1884 fortissima
726 1831 816 1895 eorda,

123 1905 208 1960 Defer
225 1908 253 1959 in
273 1907 398 1971 ltaliam;
419 1923 486 1974 gens
504 1906 573 1958 dura
591 1911 676 1974 atque
694 1923 791 1974 aspera
808 1906 886 1961 cultu
941 1923 977 1964 reo

123 1981 292 2036 llcbellanda
310 1983 360 2036 tibi
381 1983 458 2036 Latio
478 1985 528 2035 est.
564 1981 636 2036 Ditis
654 1986 746 2035 tannen
764 1985 828 2036 ante

123 2058 248 2112 Infernas
265 2059 364 2112 accede
383 2059 485 2125 domos,
505 2061 534 2112 et
553 2059 664 2111 Averna
682 2075 731 2126 per
749 2058 805 2111 alta

122 2135 289 2204 Congressus
306 2140 377 2204 pete,
396 2140 467 2201 nate,
487 2152 568 2188 meos.
613 2135 638 2188 N
641 2152 674 2188 on
693 2152 736 2188 me
755 2135 839 2203 impia
857 2153 975 2204 namque

121 2211 235 2266 Tartara
252 2212 353 2266 habent
372 2213 501 2266 tristesve
519 2211 640 2280 umbrae,
659 2212 708 2265 sed
727 2228 840 2264 amoena
857 2213 965 2280 piorum

121 2288 241 2343 Concilia
260 2289 435 2357 Elysiumque
453 2289 517 2342 eolo.
556 2290 619 2342 lluc
637 2292 713 2342 casta
732 2287 834 2354 Sibylla
938 2301 973 2338 ras

120 2364 267 2433 Nigrorum
286 2364 373 2417 multo
391 2364 526 2432 pecudum
545 2369 574 2417 te
594 2365 725 2430 sanguine
745 2363 834 2414 ducet.

120 2441 189 2494 'lum
202 2457 289 2509 genus
304 2455 384 2493 omne
399 2444 485 2502 tuum,
500 2444 529 2491 et
545 2456 615 2507 quae
632 2439 732 2490 dentur
747 2435 859 2500 moenia,
875 2434 971 2490 disces.

121 2517 235 2585 lamque
254 2515 328 2580 vale;
349 2519 462 2582 torquet
482 2514 584 2566 medios
604 2513 666 2565 Nox
684 2511 797 2564 humida
815 2527 917 2580 eumue,

120 2593 156 2645 ut
174 2609 217 2645 me
236 2608 331 2644 saevus
349 2592 427 2658 equis
446 2590 544 2641 Oriens
563 2588 675 2641 adflavit
693 2587 804 2640 anhelis.

120 2669 241 2734 Dixerat,
260 2672 288 2720 et
306 2668 397 2720 tenuis
416 2665 495 2734 fugit,
514 2681 563 2720 eeu
582 2665 680 2730 lunius
699 2664 726 2716 in
745 2681 831 2718 auras.
937 2681 973 2723 740

120 2744 235 2806 Aeneas,
255 2743 313 2806 Quo
332 2743 433 2797 deinde
452 2743 526 2796 ruisi
549 2758 603 2810 quo
621 2741 754 2810 proripis?
776 2742 874 2810 inquit,

119 2818 206 2882 Quem
224 2819 312 2886 fugisl
333 2825 381 2872 aut
400 2820 461 2888 quis
479 2823 508 2874 te
527 2819 627 2872 nostris
646 2817 821 2887 conplexibus
840 2822 933 2876 areetl

119 2895 195 2949 Haec
213 2913 367 2950 memorans
385 2897 504 2952 cinerem
522 2900 552 2951 et
570 2897 673 2966 sopitos
692 2897 805 2950 suscitat
823 2897 902 2963 ignis,

119 2971 353 3044 Pergameumque
373 2975 470 3028 Larem
489 2979 518 3029 et
535 2992 618 3030 canae
636 2975 786 3044 penetralia
805 2973 907 3027 Vestae

118 3049 203 3103 Farre
221 3050 265 3119 pio
284 3055 313 3104 et
331 3051 411 3119 plena
429 3052 545 3121 supplex
564 3054 710 3106 veneratur
728 3067 829 3104 acerra
935 3064 970 3106 rso

152 3125 298 3196 Extemplo
316 3128 402 3183 socios
419 3130 592 3198 primumque
610 3130 724 3184 arcessit
744 3132 873 3197 Acesten,

117 3199 155 3257 Et
175 3202 248 3258 Iovis
264 3203 400 3277 inperium
418 3209 447 3261 et
465 3207 520 3264 cari
539 3211 687 3278 praccepta
704 3203 827 3278 parentis
