2290 3568
415 165 491 212 AEN
494 163 598 212 EIDOS
614 161 682 210 LIB.
701 161 766 210 VII.
965 162 1010 210 216

165 247 280 302 Goniieit
296 245 378 314 inquo
397 243 484 296 sinum
502 239 660 312 praecordia
678 242 714 295 ad
731 242 827 296 intima
846 241 947 307 subdit,

165 324 224 388 Quo
240 321 387 376 furibunda
405 319 515 372 domurn
533 324 653 372 monstro
671 318 833 387 permisceat
851 334 965 371 omnem

165 399 225 466 llle,
242 399 316 452 inter
333 400 424 450 vestes
443 400 471 450 et
488 397 558 450 levia
576 399 688 463 pectora
706 395 804 463 lapsus,

165 473 292 528 Volvitur
309 476 415 526 attactu
432 473 514 540 nullo,
531 473 655 540 fallitque
673 471 817 539 furentem,
977 483 1014 524 050

165 549 312 619 Vipeream
330 549 463 617 inspirans
481 549 613 612 animam3
631 548 664 600 lit
681 547 775 600 tortile
793 547 860 600 collo

165 630 272 682 Aurum
289 627 383 694 ingens
401 626 519 692 coluber,
538 625 570 678 lit
587 624 683 692 longae
700 623 791 676 taenia
808 623 901 690 vittae,

165 701 338 770 Innectitque
357 718 453 770 comas,
472 705 501 755 et
518 700 647 754 membris
665 699 784 754 lubricus
802 703 883 753 errat.

167 779 207 832 Ac
224 779 289 832 dnm
306 779 394 847 prima
411 779 470 832 lues
487 777 542 830 udo
561 776 687 845 sublapsa
704 793 806 830 veneno

164 854 337 923 Pertemptat
356 871 449 908 000000
467 857 551 922 atque
569 852 673 906 ossibus
691 853 801 920 inplicat
818 853 917 920 ignem,
979 867 1015 906 300

165 929 288 984 Necdum
307 931 412 983 animus
429 933 489 983 toto
507 929 629 996 percepit
646 932 755 996 pectore
774 928 917 995 flammam,

165 1007 281 1070 Mollius,
300 1011 329 1060 ct
348 1007 426 1059 solito
444 1009 562 1058 matrum
582 1005 616 1057 do
635 1021 717 1070 more,
735 1004 824 1057 locuta
843 1007 892 1070 est,

165 1081 253 1137 Multa
271 1099 353 1151 super
370 1086 435 1136 nata
452 1082 595 1134 lacrimans
617 1080 794 1148 Phrygiisque
812 1080 978 1148 hymenaeis:

165 1159 344 1213 llxsulihusue
363 1159 446 1211 datur
464 1157 589 1210 ducenda
607 1157 719 1209 Lavinia
737 1156 855 1223 Teucria,

165 1235 188 1288 0
206 1235 330 1304 genitori
349 1251 398 1288 nce
416 1239 445 1288 te
464 1234 574 1286 miseret
591 1236 745 1302 gnataeque
763 1233 874 1301 tuique?
979 1247 1015 1286 000

165 1311 223 1365 Νο0
240 1312 335 1366 matris
353 1312 472 1378 miseret,
491 1327 571 1379 quam
590 1310 677 1378 primo
696 1309 821 1378 aquilone
839 1311 976 1380 relinquet

166 1387 298 1454 Perfidus,
316 1388 371 1441 alta
389 1392 486 1456 petens
504 1386 622 1440 abducta
640 1385 751 1454 virgine,
771 1387 890 1456 praedol

167 1467 206 1517 At
223 1482 276 1517 000
295 1465 333 1517 010
352 1465 485 1532 Phrygius
503 1467 630 1531 penetrat
650 1462 854 1516 Lacedaemona
871 1467 965 1532 pastor

166 1541 357 1609 Ledaeamque
379 1540 509 1592 llelenam
528 1539 657 1591 Troianas
676 1539 751 1590 vexit
769 1538 805 1590 ad
822 1539 911 1592 urbes.

166 1616 238 1680 Quid
256 1621 304 1668 tua
322 1619 415 1668 sancta
433 1615 518 1667 fidesl
538 1615 605 1682 quid
623 1631 687 1666 cura
705 1613 817 1681 antiqua
835 1619 944 1668 tuorum
980 1629 1016 1668 000
1060 1645 1061 1652 1

166 1693 202 1747 llt
220 1693 417 1760 consanguineo
434 1691 534 1744 totiens
554 1691 619 1742 data
637 1690 752 1742 dextera
771 1690 877 1745 Γ100001

166 1769 194 1822 Si
210 1785 295 1837 gener
312 1772 426 1822 externa
443 1767 547 1835 petitur
566 1765 600 1819 de
618 1769 700 1833 gente
719 1765 831 1832 Latinis,

167 1845 255 1914 quue
273 1845 358 1912 sedet,
377 1844 519 1911 llauniquc
538 1845 665 1910 premunt
683 1845 711 1894 te
729 1842 802 1894 iussa
819 1842 946 1911 parentis,

166 1921 279 1974 Omnem
298 1921 425 1989 equidem
444 1920 557 1988 sceptris
575 1923 677 1972 terram
696 1934 766 1986 quae
783 1918 869 1970 libera
886 1918 987 1972 nostris

166 1997 294 2064 Dissidet,
313 2002 452 2050 externam
472 2013 540 2060 reor,
560 2000 589 2048 et
607 1996 644 2048 sic
662 1995 754 2048 dieerc
772 1994 855 2046 divos
980 2008 1016 2048 370

166 2075 202 2127 llt
221 2074 317 2140 Turno,
336 2075 357 2124 si
376 2074 463 2140 prima
481 2072 577 2125 domus
595 2075 738 2137 repetatur
756 2070 839 2137 origo,

168 2149 283 2202 Inachus
303 2149 477 2214 Acrisiusque
496 2151 588 2214 patres
606 2147 767 2214 mediaeque
786 2146 922 2213 Mycenae.

202 2225 252 2277 llis
269 2225 314 2277 ubi
333 2223 498 2292 nequiquam
517 2222 597 2274 dietis
615 2226 729 2290 experta
747 2221 873 2273 Latinum

166 2301 268 2355 Contra
286 2304 359 2358 stare
377 2299 460 2365 videt,
478 2298 641 2366 penitusque
658 2298 686 2350 in
704 2297 808 2350 viscera
825 2297 929 2364 lapsum

166 2377 305 2446 Serpentis
322 2375 418 2428 furiale
437 2375 543 2441 malum,
561 2376 702 2442 totamque
720 2376 850 2441 pererrat,
982 2389 1017 2430 ars

166 2453 234 2506 Tum
252 2469 316 2506 vero
334 2451 437 2518 infelix,
456 2450 610 2519 ingentibus
630 2451 718 2503 excita
736 2450 871 2517 monstris,

167 2529 320 2582 inmensam
341 2529 398 2582 sine
418 2545 493 2580 inore
511 2528 577 2581 furit
594 2527 732 2595 lymphata
751 2543 800 2595 per
817 2527 925 2581 urbem:

167 2603 223 2658 Oen
242 2605 378 2676 quondam
397 2609 470 2658 torto
488 2604 603 2657 volitans
622 2603 672 2656 sub
692 2603 804 2657 verbere
823 2602 912 2670 turbo,

167 2680 253 2744 Quem
271 2681 348 2748 pueri
366 2697 463 2748 magno
481 2682 508 2733 in
526 2697 592 2748 gyro
610 2697 694 2733 vacua
712 2680 783 2734 atria
801 2679 901 2732 circum

168 2757 272 2810 Intenti
290 2757 355 2810 ludo
373 2761 516 2822 exercent;
534 2757 580 2810 ille
599 2761 675 2811 actus
693 2757 799 2810 habena
981 2772 1018 2810 000
1085 2808 1087 2812 .

168 2833 292 2888 (larvatis
311 2833 398 2886 fertur
416 2835 523 2901 spatiis3
543 2837 636 2902 stupet
654 2834 738 2886 inscia
756 2849 837 2901 supra

168 2909 343 2978 inpubesque
362 2925 464 2976 manus,
482 2911 581 2963 mirata
599 2909 716 2962 volubile
734 2909 851 2974 buxum;

168 2983 242 3039 Dant
260 2986 362 3038 animos
379 2985 484 3053 plagae.
520 2986 545 3038 N
548 3003 581 3038 on
600 3003 680 3039 cursu
698 2987 805 3054 segnior
822 2985 868 3038 illo

168 3061 221 3115 Per
238 3061 341 3114 medias
359 3061 442 3114 urbes
460 3063 551 3128 agitur
567 3062 735 3130 populosque
753 3061 857 3114 ferocis.

168 3138 238 3202 Quin
257 3138 339 3192 etiarn
357 3138 385 3190 in
403 3137 491 3206 silvas,
509 3139 635 3192 simulato
653 3139 763 3192 numine
782 3137 890 3206 Bacchi,
983 3151 1019 3192 000

168 3212 256 3269 Maius
274 3213 372 3269 adorta
388 3213 465 3268 nefas
483 3215 666 3284 maioremque
684 3231 746 3268 orsa
762 3215 891 3282 furorem,
