2278 3568
403 153 607 204 GEORGIGON
627 155 695 205 LlB.
715 157 762 207 IV.
972 159 1002 209 73

44 285 46 289 .
150 235 253 291 Sideris
270 238 297 289 in
315 251 456 289 munerum
474 238 558 305 atqua
575 236 630 291 alto
649 237 793 292 succedere
810 239 890 293 caelo.

185 311 214 368 Si
233 311 342 380 quando
361 311 454 365 sedem
472 316 615 380 angustam
636 319 795 384 servataque
812 316 893 370 mella

150 387 295 442 Thesauris
313 389 419 455 relines,
438 391 512 458 prius
531 389 631 444 haustu
649 409 758 460 sparsus
776 409 906 460 aquarum

150 463 207 517 Ora
224 463 293 531 fove,
310 465 452 534 fumosque
471 484 551 520 uranu
569 469 720 536 praetende
740 470 868 537 sequacis.

150 540 198 594 Bis
215 541 343 608 gravidos
361 545 461 609 cogunt
479 543 559 610 fetus,
579 545 632 597 duo
651 551 773 614 tempora
791 546 893 612 messis,

150 617 269 684 Taygete
288 617 365 670 simul
384 635 413 671 os
432 620 514 672 terris
532 623 654 674 ostendit
672 621 816 675 honesturn

150 693 222 746 Plias
241 697 269 746 et
288 693 388 747 Oceani
407 699 513 762 spretos
531 697 601 764 pede
620 698 740 768 reppulit
757 702 851 768 amuis,

118 793 120 799 ·
151 773 209 822 Aut
227 769 323 822 eadem
341 771 416 824 sidus
433 772 539 840 fugiens
557 773 603 826 ubi
623 774 707 828 Piscis
725 778 816 844 aquosi

149 845 263 898 'l'ristior
281 845 409 902 hibernas
427 849 500 902 caelo
519 849 661 904 descendit
678 852 706 903 in
724 853 817 907 undas.

151 921 208 974 lllis
225 921 266 974 ira
284 923 395 976 modum
413 942 495 993 supra
513 929 562 994 est,
581 927 723 996 laesaeque
741 945 873 984 venenum

149 996 285 1050 Morsibus
303 998 443 1068 inspirant,
463 1006 491 1054 et
510 1003 611 1070 spicula
629 1020 707 1058 caeca
725 1005 880 1074 relinquunt

149 1073 268 1127 Adfixao
286 1075 367 1142 vanis,
385 1078 541 1146 animasque
559 1079 587 1132 in
605 1081 714 1134 volnere
732 1087 842 1150 ponunt.

148 1148 195 1202 Sin
214 1149 310 1203 duram
329 1155 435 1206 metues
453 1153 570 1209 hiemem
588 1173 737 1226 parcesque
755 1159 847 1212 futuro

148 1225 354 1294 Contunsosque
372 1230 475 1283 animos
493 1236 522 1284 ct
540 1250 583 1286 res
602 1234 767 1289 miserabere
785 1237 897 1292 fractas:

148 1301 188 1353 At
206 1302 297 1354 suffire
317 1303 410 1371 thymo
428 1323 559 1376 cerasque
577 1311 700 1364 recidere
718 1313 803 1366 inanis

149 1377 215 1440 Quis
235 1379 359 1433 dubitetl
381 1399 443 1434 nam
463 1401 544 1452 saepe
562 1385 637 1440 faros
655 1387 765 1454 ignotus
783 1390 877 1443 adedit

148 1451 243 1506 Stellio
263 1459 291 1508 ct
309 1455 433 1524 lucifugis
452 1466 581 1528 congesta
599 1464 697 1518 cubilia
715 1465 810 1519 blattis

149 1529 335 1600 immunisque
355 1534 452 1588 sedens
471 1537 557 1591 aliena
575 1540 611 1592 ad
629 1541 729 1606 pabula
747 1543 831 1611 fucus,

148 1606 207 1659 Aut
225 1624 305 1676 asper
322 1610 419 1664 crabro
436 1613 576 1681 inparibus
594 1633 624 1669 se
641 1617 778 1672 inmiscuit
796 1622 885 1686 armis,

148 1682 207 1736 Aut
225 1683 323 1753 dirum,
340 1687 433 1754 tiniae,
451 1707 544 1757 genus,
563 1696 609 1746 aut
628 1694 714 1747 invisa
733 1696 872 1750 Minervae

147 1757 236 1823 Laxos
254 1761 281 1812 in
299 1762 402 1816 foribus
420 1767 562 1834 suspendit
580 1785 680 1823 aranea
697 1788 791 1826 casses.

147 1833 206 1898 Quo
224 1839 310 1905 magis
329 1839 477 1894 exhaustae
495 1843 603 1908 fuerint,
621 1846 672 1900 hoc
690 1850 776 1902 acrius
794 1866 888 1905 omnes

147 1910 310 1967 Incumbent
327 1918 436 1983 generis
454 1919 521 1988 lapsi
540 1923 639 1976 sarcire
658 1925 755 1993 ruinas,

146 1986 372 2058 Conplebuntque
390 1993 463 2047 foros
481 1999 510 2049 et
529 1997 639 2052 floribus
657 2001 754 2056 horrca
771 2007 874 2058 teuent.

181 2063 209 2118 Si
227 2081 297 2131 vcro,
315 2070 441 2136 quoniam
459 2089 536 2126 casus
554 2075 649 2142 apibus
668 2095 774 2146 quoquc
793 2085 900 2134 nostros

146 2139 213 2194 Vita
231 2142 301 2210 tulit,
321 2146 393 2199 tristi
411 2147 580 2216 languebunt
598 2169 710 2220 corpora
729 2155 824 2209 morbo
833 2179 874 2221 3-

147 2215 226 2280 Quod
243 2219 296 2272 iam
315 2237 368 2274 non
388 2223 476 2277 dubiis
495 2228 598 2294 poteris
617 2246 778 2297 cognoscere
797 2235 893 2302 signis:

147 2293 280 2348 Continuo
298 2302 341 2352 est
359 2301 448 2368 aegris
467 2303 535 2356 alius
554 2305 641 2370 eclor;
661 2307 772 2362 horrida
790 2311 893 2364 voltum

147 2368 289 2426 Deformat
307 2377 420 2442 macics;
442 2382 498 2432 turn
518 2397 631 2450 corpora
649 2383 708 2439 luce
726 2391 867 2442 carentum

147 2445 299 2514 nxpoaant
317 2454 397 2507 tectis
416 2458 445 2508 et
464 2457 553 2512 tristia
571 2459 666 2514 funera
686 2461 803 2530 ducunt;
843 2469 846 2474 '

148 2523 206 2576 Aut
223 2524 286 2580 illae
304 2529 422 2596 pedibus
441 2549 578 2590 connexae
597 2538 632 2590 ad
651 2539 744 2594 limina
762 2544 891 2609 pendent,

146 2600 205 2652 Ant
221 2601 295 2655 intus
313 2604 409 2660 clausis
428 2615 590 2666 cunctantur
607 2615 635 2667 in
655 2617 774 2685 aedibus,
794 2636 886 2674 omncs

149 2675 320 2748 Ignavaeqne
338 2683 409 2738 fame
428 2690 457 2739 et
474 2692 613 2746 contracto
632 2693 732 2762 frigore
750 2697 850 2764 pigrae.
866 2733 869 2738 ·

145 2749 213 2804 Tum
231 2771 311 2809 sonus
330 2760 441 2815 auditur
458 2767 574 2834 gravior,
593 2771 758 2842 tractimque
777 2777 926 2840 susurrant,

146 2826 273 2896 Frigidus
291 2839 322 2887 ut
341 2839 478 2906 quondam
497 2843 569 2896 silvis
587 2845 767 2902 inmunnurat
787 2853 905 2914 Auster;

145 2901 185 2957 Ut
202 2921 277 2961 maro
296 2913 438 2969 sollicitum
458 2919 551 2972 stridit
569 2922 746 2978 refluentibus
764 2925 858 2990 undis;

145 2981 264 3038 Aestuat
282 2991 314 3040 ut
331 2990 428 3044 clausis
448 2994 558 3061 rapidus
577 2998 729 3054 fornacibus
748 3002 826 3070 ignis.

145 3055 198 3109 Hic
216 3059 270 3114 iam
287 3065 434 3131 galbaneos
453 3071 573 3124 suadebo
590 3074 736 3130 incendere
754 3079 859 3144 odores,

144 3131 282 3202 Mellaque
300 3142 458 3196 arundineis
476 3146 577 3202 inferre
595 3153 739 3218 canalibus,
756 3155 828 3209 ultro

144 3207 310 3269 Hortantem
329 3221 358 3271 et
377 3219 461 3274 fessas
479 3223 515 3276 ad
532 3225 633 3292 pabula
651 3232 716 3282 nota
733 3236 881 3286 vocantem.
