2266 3562
340 105 369 154 P.
389 105 543 154 VERGlLl
562 104 728 154 MARONItl

106 187 244 250 Quantum
262 190 337 244 lenta
355 187 442 242 solent
460 186 533 240 inter
549 185 664 241 viburna
681 191 811 258 cupressi.

106 263 149 319 M.
169 267 206 320 Ilt
224 284 295 336 quae
313 269 393 320 tanta
409 263 463 316 fuit
482 263 596 316 Romam
615 264 667 318 tibi
685 283 779 322 caussa
796 267 928 322 videndil

112 341 138 394 T.
158 343 299 408 Libertas3
317 359 387 411 quae
406 357 474 406 scra,
493 343 585 392 tamen
602 343 725 410 respexit
742 345 866 411 inertem,

108 419 258 473 Candidior
276 424 423 488 postquam
442 414 568 470 tondenti
585 417 671 470 barba
688 419 821 486 cadebat3

110 495 244 564 Respexit
265 499 364 562 tamon,
384 498 413 548 et
430 493 511 560 longo
529 497 592 561 post
610 499 735 564 temporo
753 498 834 565 venit,
941 515 964 552 so

110 571 258 641 Postquam
279 589 328 624 nos
349 569 495 638 Amaryllis
513 568 605 637 habet,
624 570 740 626 Galatea
757 575 876 643 reliquit.

109 649 240 717 Namque,
260 648 367 702 fatebor
386 647 465 712 enirn,
485 645 551 698 dum
569 661 614 699 me
633 646 746 702 Galatea
764 651 883 718 tenebat,

110 725 166 780 Neo
185 743 247 795 spes
263 725 400 779 libertatis
419 729 486 791 orat,
505 740 555 777 nec
573 740 638 776 cura
656 725 751 793 peculi.

110 801 238 866 Quamvis
250 802 344 856 ‘multa
363 801 430 854 meis
448 801 536 854 exiret
554 800 665 854 victima
683 805 791 870 saeptis,

114 879 221 947 Pinguis
239 883 269 933 et
286 879 409 946 ingratae
428 882 599 946 premeretur
617 895 711 932 caseus
731 880 799 946 urbi,
941 896 965 934 ss

113 955 171 1008 >lon
184 973 315 1025 umquam
328 955 420 1023 gravis
432 971 495 1007 aere
508 953 619 1008 domum
632 955 698 1008 mihi
711 957 811 1010 dextra
823 955 938 1010 redibat.

111 1031 152 1086 M.
172 1032 301 1098 Mirabar,
322 1031 388 1100 quid
407 1034 511 1084 maesta
531 1029 605 1098 deos,
626 1033 765 1100 Amarylli,
783 1049 902 1099 vocares,

111 1108 160 1162 Cui
179 1109 300 1178 pendere
319 1124 368 1162 sua
385 1107 519 1176 patereris
537 1107 566 1159 in
585 1107 682 1162 arbore
700 1127 795 1177 poma:

112 1185 219 1253 Tityrus
237 1185 299 1238 hinc
316 1185 420 1238 aberat.
460 1183 540 1251 Ipsae
558 1187 594 1249 te,
613 1183 712 1253 Tityre,
731 1187 818 1255 pinus,

113 1261 169 1330 lpsi
186 1265 215 1314 te
233 1262 329 1328 fontes,
348 1261 408 1328 ipsa
424 1259 492 1312 haec
510 1258 622 1313 arbusta
640 1261 779 1316 vocabant.
942 1279 967 1315 aa

116 1337 145 1390 Τ.
164 1336 236 1402 Quid
253 1337 387 1390 lacereml
406 1352 495 1404 neque
514 1335 625 1389 servitio
644 1354 688 1390 me
705 1340 781 1408 exire
798 1339 906 1408 licebat,

113 1414 138 1467 N
140 1431 171 1468 ec
188 1416 245 1467 tam
262 1412 414 1482 praesentis
430 1411 495 1464 alibi
514 1428 676 1480 cognoscere
694 1415 776 1470 divos.

114 1490 168 1544 Hic
185 1490 262 1542 illum
280 1489 336 1541 vidi
355 1489 486 1550 iuvenem,
507 1487 650 1557 Meliboee,
669 1493 830 1559 quotannis

114 1567 161 1621 Bis
179 1583 258 1620 senos
275 1566 317 1619 cui
337 1569 431 1618 nostra
451 1563 510 1618 dies
528 1565 625 1618 altaria
642 1566 756 1622 fumant.

115 1644 168 1697 Hic
185 1643 252 1696 mihi
270 1659 429 1710 responsum
450 1641 554 1710 primus
574 1641 654 1696 dedit
670 1643 718 1697 ille
735 1645 857 1714 petenti:
906 1653 910 1660 “
945 1661 969 1698 as

115 1720 229 1788 Pascite,
246 1724 278 1772 ut
296 1725 367 1785 ante,
386 1717 477 1782 borea,
497 1718 583 1786 pueri,
604 1718 758 1774 submittite
775 1725 875 1776 tauros.

114 1797 158 1851 M.
177 1797 326 1849 Fortunate
346 1811 437 1860 senex,
458 1811 524 1861 ergo
542 1797 591 1847 tua
611 1812 675 1847 rura
693 1797 848 1865 manebunt,

116 1875 151 1927 tlt
168 1872 219 1927 tibi
237 1888 335 1939 magna
353 1869 427 1936 satis
449 1870 572 1938 quamvis
591 1871 659 1940 lapis
678 1873 767 1924 omnia
783 1873 873 1927 nudus

117 1952 276 2018 limosoque
294 1947 371 2017 palus
389 1947 508 2000 obducat
525 1964 625 2016 pascua
641 1947 736 2002 iunco!

116 2028 176 2081 Non
193 2027 300 2080 insueta
317 2026 407 2093 gravis
427 2024 602 2094 temptabunt
620 2024 721 2093 pabula
739 2025 817 2090 fetas,

116 2105 174 2158 Nec
190 2103 262 2156 mala
279 2102 360 2156 vicini
378 2101 483 2171 pecoris
504 2102 628 2168 contagia
646 2100 764 2154 laedent.

118 2181 266 2235 Fortunate
284 2196 375 2245 senex,
393 2179 446 2244 hic,
466 2179 538 2232 inter
558 2177 669 2230 flumina
686 2182 751 2230 nota

117 2258 152 2310 Ilt
168 2256 250 2310 fontis
269 2272 366 2320 saeros,
385 2256 471 2322 frigus
492 2253 614 2323 captabis
633 2251 765 2322 opacum!

119 2334 188 2388 Hinc
206 2331 264 2397 tibi,
284 2347 354 2400 quas
374 2347 487 2402 semper,
507 2331 594 2384 ricino
614 2329 649 2383 ab
667 2329 763 2397 limite,
780 2345 876 2398 saepes

75 2455 77 2460 .
118 2409 247 2478 llyblaeis
265 2401 363 2476 apibus
383 2407 477 2460 florem
496 2407 610 2476 depasta
629 2407 725 2472 salicti,
952 2423 975 2460 ss

117 2487 203 2554 Saepe
220 2484 273 2538 levi
291 2501 414 2538 somnum
434 2483 561 2537 suadebit
581 2483 652 2537 inire
670 2499 796 2547 susurro;

118 2562 190 2615 Hine
207 2560 264 2615 alta
283 2560 332 2613 sub
351 2577 419 2629 rupe
440 2564 520 2614 canet
539 2559 684 2614 frondator
702 2559 738 2612 ad
755 2576 852 2624 auras;
900 2610 902 2613 ,

119 2637 175 2692 Nec
192 2642 285 2692 tamen
303 2638 409 2690 interea
429 2653 534 2703 raucae,
556 2640 603 2692 tua
623 2655 696 2704 cura,
715 2636 866 2706 palumbes,

119 2715 175 2768 Nec
193 2731 305 2783 gemere
322 2714 396 2767 aeria
415 2713 534 2767 cessabit
554 2717 648 2768 turtur
665 2714 700 2766 ab
718 2713 797 2766 ulmo.

123 2791 150 2845 T.
169 2793 244 2846 Ante
262 2792 336 2845 leves
355 2809 420 2860 erga
440 2794 584 2860 pascentur
604 2808 631 2844 m
652 2791 764 2844 aethere
782 2790 863 2856 cervi,
893 2821 896 2826 n
956 2804 979 2843 oo

119 2869 155 2924 llt
172 2869 244 2923 freta
263 2871 416 2923 destituent
436 2869 523 2921 nudos
542 2867 570 2919 in
590 2868 669 2922 litore
687 2867 782 2936 pisces,

121 2947 201 3011 Ante,
220 2946 370 3015 pererratis
388 2948 529 2998 amborum
549 2943 656 3010 linibus,
676 2943 753 2998 exsul

123 3023 178 3074 Aut
198 3023 308 3076 Ararim
330 3021 447 3075 Parthus
465 3021 550 3086 bibet,
570 3024 618 3073 aut
638 3019 785 3074 Germania
803 3016 914 3086 Tigrim,

120 3098 204 3120 “···
225 3102 319 3152 rostro
338 3098 409 3151 illius
427 3097 536 3151 labatur
554 3101 664 3165 pectore
682 3096 779 3149 voltus.
940 3163 943 3168 Ι

284 3193 285 3207 ’
304 3175 367 3230 hinc
385 3173 431 3228 alii
449 3173 568 3230 sitientis
586 3171 686 3226 ibimus
706 3171 795 3238 Atros,
955 3183 980 3226 ot
