2266 3562
447 558 682 628 LECTORI.

517 789 617 812 *4-

197 981 241 1038 Du
256 983 307 1039 heo
324 1001 386 1040 mea
403 985 492 1055 opella
508 1003 561 1040 uon
580 991 624 1040 est
641 1003 690 1040 eur
708 987 794 1041 multu
810 987 905 1042 diesm.
935 987 991 1042 Vo-

144 1075 248 1132 lueram
268 1083 344 1134 certe
363 1083 457 1135 textus
478 1082 627 1150 Vergiliani
648 1082 832 1136 recensionem
855 1085 990 1136 nonanto

144 1171 272 1225 emittere
291 1189 372 1240 quam
384 1177 447 1240 post
458 1173 612 1227 absolutum
630 1173 706 1226 ilium
718 1175 795 1228 cuius
806 1173 917 1228 tertiam
929 1190 990 1243 pur-

144 1266 201 1316 tem
218 1268 283 1317 onte
300 1252 408 1333 ¹aliquot
432 1281 540 1318 menses
564 1265 639 1318 edidi
664 1266 903 1319 commentorium:
928 1283 989 1319 oum

143 1360 236 1410 autem
259 1357 377 1411 instaret
394 1356 559 1426 redemptor,
578 1357 727 1411 consultius
744 1358 856 1412 tandem
875 1358 940 1411 duxi
958 1362 990 1411 ut

143 1451 211 1520 quid
238 1468 345 1520 possem
367 1451 426 1519 ipse
448 1453 588 1521 experirer
612 1469 693 1520 quom
712 1455 743 1505 ut
761 1452 830 1506 alius
857 1453 989 1505 minorem

142 1541 210 1596 elius
227 1543 357 1596 maiorem
374 1544 524 1597 editionem
542 1543 640 1597 iisdem
659 1544 762 1598 scilieet
773 1545 901 1614 auspiciis
913 1561 988 1599 cure-

143 1639 192 1691 ret.
228 1637 309 1691 Unde
320 1638 422 1691 foetum
434 1641 477 1690 est
489 1643 520 1690 ut
532 1637 673 1691 nonnullas
690 1637 820 1691 lectiones
832 1635 988 1691 admiserim

141 1746 256 1798 querum
274 1735 322 1784 aut
338 1747 409 1784 nmie
426 1731 551 1799 poenitet
569 1735 617 1784 aut
634 1730 746 1799 posthae
764 1731 880 1786 sortasse
897 1733 989 1800 poeni-

140 1822 228 1877 tebit..
254 1823 343 1877 Verbi
368 1840 456 1891 causo,
483 1841 514 1878 re
540 1825 674 1878 maturius
698 1841 839 1894 perpense,
865 1825 893 1877 in
915 1825 989 1879 Aen.

140 1915 186 1970 lib.
199 1932 241 1970 111.
255 1922 312 1982 614,
333 1917 457 1983 nornine,
479 1917 507 1970 in
519 1916 591 1970 Aen.
609 1916 655 1970 lib.
670 1933 707 1972 vr.
722 1921 773 1971 332
796 1917 893 1970 aritmi
911 1932 988 1985 pree

138 2010 282 2064 ferendum
295 2027 399 2077 conseo,
412 2011 467 2064 illic
479 2010 597 2065 Medieei
610 2011 779 2080 aliorumque
792 2012 914 2065 codicum
927 2026 988 2067 eue-

138 2105 260 2171 toritete,
269 2104 314 2157 hie
327 2105 427 2172 partim
441 2104 564 2158 eiusdem
581 2105 698 2158 Medieei
711 2106 875 2158 auctoritate
887 2106 987 2174 purtim

138 2198 189 2252 loci
206 2198 329 2266 germani
349 2198 420 2252 Aen.
434 2197 479 2251 lib.
493 2216 517 2250 x.
532 2205 590 2264 686,
608 2198 655 2251 ubi
674 2199 780 2253 codices
798 2200 920 2268 potiores
937 2217 988 2269 pro

137 2293 235 2347 animi
252 2298 382 2362 pugnent,
395 2293 551 2348 testimonio
566 2298 714 2362 permotus.
751 2293 906 2346 Dolendum
923 2310 987 2348 sene

138 2391 195 2460 hoe,
211 2407 300 2459 neque
317 2394 408 2444 tamen
424 2390 510 2459 pluris
526 2408 614 2461 aequo
629 2391 792 2447 iaciendum.
829 2393 936 2460 Quippe
955 2409 988 2446 es

137 2488 181 2538 est
201 2483 284 2538 hodie
300 2487 393 2538 textus
407 2484 557 2552 Vergiliani
573 2485 693 2539 conditio
711 2490 742 2539 ut
761 2485 807 2554 qui
825 2483 930 2538 modica
947 2485 986 2538 rei

137 2579 248 2632 criticae
267 2580 381 2632 scientia
401 2579 550 2632 instructus
570 2595 665 2631 novum
685 2582 783 2647 poetae
803 2579 986 2632 recensionem

137 2673 282 2728 instituere
298 2673 365 2727 velit
377 2674 422 2726 vix
441 2674 612 2727 oonunittere
631 2675 718 2742 possit
737 2677 769 2726 ut
787 2690 844 2726 rom
862 2691 915 2727 nou
930 2675 987 2728 seli-

137 2766 208 2820 citer
230 2770 317 2834 gerat,
336 2767 418 2820 modo
439 2783 481 2835 ne,
500 2771 532 2822 ut
550 2783 637 2836 nuper
654 2784 671 2821 a
688 2783 742 2820 non
760 2769 867 2821 nemine
884 2767 986 2822 sectum

138 2863 189 2928 est,
208 2859 236 2913 in
256 2863 334 2914 tenta
352 2858 485 2913 librorum
506 2861 751 2929 manuscriptorum
770 2860 848 2930 copia
867 2864 915 2914 eut
932 2861 987 2915 suis

137 2957 186 3008 aut
202 2953 297 3008 alienis
315 2953 477 3008 coniecturis
495 2954 633 3008 abutatur.
670 2953 744 3007 Illud
757 2970 821 3007 vero
837 2954 985 3022 optandum

138 3050 170 3102 ut
181 3046 233 3117 ipsi
247 3047 362 3114 codices,
378 3048 541 3114 praesertim
555 3047 692 3100 Ronmnus
707 3047 909 3116 I'aiatinusque‚
928 3048 987 3103 dili-

136 3141 248 3210 gentius
265 3139 453 3194 excutiantur:
480 3139 509 3192 id
527 3139 601 3207 quod
618 3157 634 3194 a
652 3139 811 3194 doctissimo
833 3139 984 3195 Ribbeekio

139 3234 302 3289 iamdudum
315 3236 513 3304 exspectamus.
