2290 3568
134 158 180 204 134
374 152 402 199 P.
421 151 575 199 VERGILI
593 152 757 201 MARONIS

134 234 278 300 Daedalus,
297 232 355 300 ipse
374 231 450 283 dolos
469 231 538 283 tecti
556 230 740 299 ambagesque
759 232 878 300 resolvit,

134 309 221 363 Caeca
239 324 335 375 regens
355 307 400 358 filo
419 307 541 374 vestigia.
579 307 619 359 'Pu
638 324 746 376 quoque
765 325 891 376 magnam
967 323 992 364 ao

135 385 245 438 Partem
264 400 345 452 opere
364 383 390 434 in
410 386 495 448 tanto,
515 385 617 436 sineret
636 383 720 452 dolor,
741 385 826 450 Icaro,
845 385 968 440 haberes

135 461 183 514 Bis
201 464 312 514 conatus
332 465 392 511 erat
410 476 489 511 casus
508 459 636 527 effingere
655 460 683 512 in
702 477 784 527 aur0;

136 537 183 590 Bis
202 537 306 607 patriae
325 535 449 588 cecidere
468 553 571 590 manus.
610 537 681 600 Quin
699 538 824 606 protinus
842 539 934 592 omnia

136 613 312 680 Perlegerent
331 611 422 679 oculis,
441 613 468 664 ni
485 613 539 665 iarn
559 614 724 681 praemissus
744 614 866 668 Achates

139 689 253 742 Adferat
272 694 354 758 atque
373 705 427 741 una
447 689 549 742 Phoebi
569 689 729 759 Triviaeque
748 690 881 753 sacerdos,
970 707 994 746 ³⁵

137 765 276 834 Deiphobe
296 765 398 832 Glauci,
417 766 492 819 fatur
512 783 580 834 quae
599 767 664 820 talia
683 767 776 835 regi:.

136 841 157 894 N
163 859 197 895 on
215 842 265 894 lroc
283 842 336 895 ista
355 842 406 895 sibi
424 847 533 912 tempus
553 844 706 912 spectacula
724 843 826 912 poscit;

136 918 160 970 N
165 935 214 972 unc
231 935 314 986 grego
334 919 368 972 de
387 920 489 973 intacto
509 925 614 989 septem
630 924 754 973 praetere
772 921 898 972 iuvencos

137 993 317 1061 Praestiterit,
338 995 455 1048 totidem
474 997 559 1050 lectas
578 997 613 1049 dc
632 1013 707 1049 more
726 995 853 1048 bidentis.

136 1070 246 1124 'Palibns
264 1071 357 1124 adlata
378 1076 576 1125 Aenean-nec
595 1089 671 1126 sacra
690 1075 831 1124 morantur
970 1088 994 1126 so

140 1148 215 1199 iussa
234 1147 437 1200 viri-Teucros
455 1157 533 1202 vocat
551 1149 607 1202 alta
625 1149 653 1201 in
671 1148 774 1217 templa
792 1148 923 1202 sacerdos.

172 1224 298 1276 Excisum
320 1224 455 1278 Euboicae
474 1225 546 1277 latus
564 1226 660 1292 ingens
678 1225 754 1293 rupis
773 1225 800 1276 in
819 1229 936 1291 antrum,

123 1297 196 1364 'Quo
214 1300 262 1352 lati
281 1300 385 1352 ducunt
405 1300 496 1353 aditus
514 1306 630 1369 centurn,
650 1302 720 1354 ostia
739 1305 864 1365 centurn;

138 1376 217 1428 Unde
236 1380 320 1428 ruunt
339 1376 456 1430 totidem
476 1393 561 1442 voces,
581 1395 711 1445 responsa
731 1378 855 1446 Sibyllae.

139 1452 258 1504 Ventum
278 1456 338 1505 erat
358 1452 393 1504 ad
411 1453 502 1520 limen,
520 1470 581 1506 cum
601 1455 684 1522 virgo,
707 1455 820 1508 Poscere
839 1454 897 1507 iata
970 1469 994 1506 43

137 1529 261 1596 Tempus,
278 1527 334 1592 ait;
354 1528 430 1597 deus,
449 1546 519 1597 ecce,
539 1531 622 1585 deus!
663 1532 712 1585 Oui
732 1531 797 1583 talia
815 1530 883 1583 santi

139 1607 212 1656 Ante
230 1604 301 1658 fores
321 1604 411 1658 subito
429 1622 483 1658 non
501 1606 597 1675 voltus,
616 1625 670 1661 non
689 1608 762 1660 color
780 1623 856 1672 unus,

138 1680 199 1732 Non
218 1685 341 1748 comptae
361 1698 485 1736 mansere
504 1700 611 1750 comae;
631 1684 680 1738 sed
699 1687 794 1752 pectus
814 1683 950 1752 anhelum,

141 1755 176 1809 nt
195 1757 270 1810 rabie
289 1758 346 1814 fera
365 1759 447 1812 corda
466 1763 588 1827 tument;
607 1761 746 1829 maiorque
766 1760 861 1828 videri,

139 1833 163 1886 N
167 1851 197 1886 cc
215 1835 329 1888 mortale
349 1852 454 1903 sonans,
475 1837 576 1890 adflata
595 1843 638 1891 est
656 1837 766 1890 numine
785 1837 893 1903 quando
974 1849 996 1887 sn

140 1910 198 1963 Iam
217 1911 343 1979 propiore
363 1912 414 1965 dci.
453 1913 549 1967 Cessas
567 1915 594 1966 in
614 1919 677 1966 vcta
695 1929 851 1980 precesque,

139 1985 212 2052 Tros,
231 1987 277 2052 ait,
299 1990 408 2042 norreal
428 1993 533 2042 cessas!
552 2007 641 2058 neque
660 1990 730 2041 enirn
751 1992 815 2040 ante
834 1988 977 2042 dehiscent

140 2064 284 2116 Attonitae
303 2079 401 2132 magna
420 2082 467 2118 ora
485 2066 588 2118 domus.
627 2067 663 2118 Et
683 2065 748 2117 talia
766 2065 822 2118 iata

139 2139 280 2192 Conticuit.
316 2140 430 2194 'Gelidus
450 2142 560 2195 Teucris
579 2159 628 2210 per
648 2142 717 2195 dura
736 2142 857 2195 cucurrit

140 2216 208 2269 Ossa
220 2220 330 2281 tremor,
343 2218 488 2286 funditque
501 2236 596 2287 preces
609 2237 657 2272 rex
670 2223 782 2287 pectere
796 2218 830 2271 ab
842 2219 910 2270 imo:
973 2232 997 2270 ⁵⁵

142 2292 258 2360 Phoebo,
277 2295 367 2361 gravis
386 2295 482 2346 'Proiae
501 2311 608 2362 semper
627 2296 755 2347 miserate
774 2293 887 2358 labores,

140 2369 268 2422 Dardana
287 2370 333 2437 qui
354 2370 460 2421 Paridis
479 2369 580 2421 direxti
601 2371 656 2422 tola
674 2383 824 2435 niannsquc

141 2445 244 2513 Corpus
263 2445 290 2496 in
311 2444 455 2510 Aeacidae,
475 2460 586 2510 magnas
606 2445 734 2496 obeuntia
754 2449 842 2495 terras

140 2521 192 2574 'lot
211 2521 295 2573 maria
314 2520 414 2572 intrari
434 2519 503 2571 duce
522 2527 551 2571 te
570 2521 733 2587 penitusque
751 2522 873 2587 repostas

141 2597 287 2665 Massylum
307 2596 396 2664 gentis
415 2599 614 2664 praetentaque
634 2595 758 2663 Syrtibus
776 2613 847 2662 arva,
974 2615 997 2650 m

142 2674 200 2726 lam
219 2673 330 2726 tandem
353 2672 449 2726 ltaliae
468 2672 597 2739 bigientis
615 2672 775 2741 prendimus
794 2690 870 2739 oras;

120 2799 123 2805 .
142 2748 202 2801 Hac
221 2748 337 2803 Troiana
355 2755 435 2802 tenus
454 2748 537 2801 fucrit
557 2748 679 2802 Fortuna
699 2754 798 2804 secuta.

143 2825 199 2877 Vos
218 2843 325 2895 quoquc
345 2826 509 2893 Pergameae
527 2826 580 2879 iam
599 2827 639 2880 fas
658 2831 701 2880 est
720 2844 830 2896 parcere
848 2827 931 2895 genti,

143 2901 232 2969 Dique
251 2901 374 2972 deaeque
392 2919 492 2970 ornnes,
511 2903 610 2970 quibus
628 2904 736 2958 obstitit
756 2905 837 2957 Ilium
856 2906 885 2956 et
901 2903 997 2970 ingens

144 2976 235 3032 Gloria
255 2979 413 3033 Dardaniae.
450 2980 552 3048 Tuque,
572 2999 588 3034 o
607 2981 777 3035 sanctissima
795 2983 877 3046 vates
972 2997 997 3033 ss

144 3053 270 3112 Praescia
288 3057 403 3122 venturi,
424 3055 468 3122 da,
488 3073 542 3109 non
560 3058 684 3112 indebita
701 3074 783 3127 posco

145 3130 240 3198 Regna
259 3133 328 3186 meis
346 3134 418 3200 latis,
438 3132 516 3186 Latio
534 3135 676 3189 considere
695 3135 812 3189 Teucros

146 3206 323 3278 Errantisque
341 3209 408 3265 deos
425 3209 584 3279 agitataque
602 3213 712 3266 numina
731 3211 834 3265 Troiae.
