2278 3568
151 148 197 194 130
384 148 413 193 Ρ.
433 143 587 192 veneral
605 142 771 191 MARONIS

151 224 277 280 Tendunt
296 225 356 279 vela
374 225 400 278 N
402 225 457 290 oti;
474 225 594 293 fugimus
613 225 803 295 spumantibus
820 225 909 292 undis,

152 301 211 365 Qua
228 319 337 355 cursum
355 305 507 370 ventusque
524 302 746 372 gubernatorque
763 301 885 357 vacabat.

152 379 211 431 Iam
230 379 320 432 medio
339 379 454 448 adparet
472 378 558 432 fluctu
577 395 721 432 nemorosa
739 378 890 448 Zacynthos
984 407 992 432 ι

152 455 362 523 Dulichiumque
382 455 518 524 Sameque
537 458 565 509 et
584 455 695 512 Neritos
713 455 799 509 ardua
817 455 897 509 saxis.

151 531 304 600 Effugimus
324 531 446 599 scopulos
466 531 585 597 Ithacae,
606 531 716 586 Lasaia
734 549 827 600 regna,

152 607 188 662 Et
207 613 308 661 terram
329 607 451 661 altricem
471 609 544 662 saeui
563 625 737 663 exsecramur
756 609 838 663 Ulixi.

153 684 217 736 Mox
236 689 264 737 et
283 683 420 738 Leucatae
441 685 565 739 nimbosa
583 686 723 740 eacumina
740 686 840 739 montis

153 759 188 814 Et
205 759 367 814 formidatus
385 762 475 815 nautis
493 763 617 830 aperitur
636 761 744 830 Apollo.

153 837 233 890 Hunc
250 837 370 906 petimus
389 837 454 892 lessi
472 843 501 892 et
518 855 619 907 parvae
638 837 807 892 succedimus
825 837 903 900 nrbi;

152 917 262 968 Ancora
280 914 315 968 de
333 931 415 984 prora
433 916 540 984 iacitur,
559 918 634 970 stant
652 915 733 969 litore
751 931 863 984 puppes.

188 991 261 1058 Ergo
279 991 420 1060 insperata
437 993 549 1046 tandem
568 993 668 1046 tellure
685 992 767 1060 potiti

152 1066 369 1135 Lustramurqrre
389 1068 447 1121 lovi
466 1069 591 1137 votisque
610 1069 780 1122 incendimus
798 1083 866 1134 aras,

153 1144 289 1210 Actiaque
309 1143 400 1196 Iliacis
417 1144 587 1197 celebramus
606 1144 687 1197 litora
706 1144 785 1196 ludis.

154 1219 287 1272 Exercent
306 1221 409 1287 patrias
427 1220 486 1273 elce
504 1219 614 1272 labente
632 1220 785 1287 palaestras

152 1293 177 1346 N
181 1295 257 1348 udati
276 1295 356 1360 socii;
373 1295 450 1347 iuvat
469 1295 585 1348 evasisse
604 1297 647 1347 tot
665 1294 747 1346 urbes

153 1371 294 1438 Argolicas
313 1370 471 1437 mediosque
488 1370 581 1437 fugam
600 1370 721 1422 tenuisse
739 1385 789 1438 per
807 1369 901 1423 hostis.
950 1371 955 1382 '

154 1446 264 1500 interea
281 1462 407 1514 inagnum
427 1446 466 1498 sol
485 1445 705 1500 circumvolvitur
723 1461 831 1512 annum,

152 1523 188 1576 llt
206 1523 327 1590 glacialis
345 1523 452 1592 hiemps
470 1521 644 1592 aquilonibus
662 1526 772 1592 asperat
789 1521 884 1576 undae.

153 1603 227 1653 Aere
245 1617 310 1653 cavo
328 1599 452 1668 clipeum,
472 1601 562 1668 magni
580 1604 722 1668 gestamen
743 1598 870 1668 Abantis,

154 1676 282 1732 Postibus
300 1677 423 1731 adversis
441 1678 503 1746 fige,
521 1682 550 1730 et
568 1693 626 1730 rem
645 1677 765 1731 carmine
784 1677 871 1744 signo:

154 1756 270 1809 Anunas
289 1769 365 1809 nanc
384 1769 422 1807 nn
441 1769 545 1808 naulis
563 1769 727 1807 vicroaruus
747 1769 834 1806 suun.

154 1830 290 1899 Linquere
308 1835 367 1884 tum
386 1835 482 1899 portus
499 1830 579 1884 iubeo
598 1835 628 1884 et
646 1830 786 1884 considere
805 1831 939 1884 transtris.

154 1906 287 1961 Certatim
306 1908 370 1961 socii
388 1909 489 1961 fcrhmt
508 1923 583 1960 ruere
602 1911 630 1960 ct
648 1923 768 1976 aequora
786 1912 905 1960 verrunt.

154 1983 282 2037 Protinus
300 1985 387 2038 aerias
406 1984 557 2039 Phaeacum
577 1983 769 2037 abscondimus
788 1999 871 2052 arces,

153 2059 301 2129 Litoraque
320 2061 396 2130 Epiri
414 2061 531 2129 legimus
549 2065 687 2130 portuque
705 2060 826 2114 subimus

153 2135 273 2191 Chaonio
291 2141 320 2191 et
337 2138 436 2192 celsam
457 2137 585 2192 Buthroti
604 2138 757 2192 accedimus
775 2137 879 2191 urbem.

188 2213 241 2268 Hie
258 2215 424 2268 incredibilis
443 2231 536 2268 rerum
554 2215 626 2267 saura
645 2219 760 2283 occupat
777 2215 850 2267 auris

155 2290 309 2345 Priamiden
330 2292 466 2345 Helenum
485 2292 582 2345 Graias
602 2309 717 2359 regnare
736 2307 786 2359 per
803 2291 892 2356 urbes,

154 2367 285 2435 Coniugio
306 2369 441 2421 Aeacidae
461 2367 558 2436 Pyrrhi
578 2369 747 2435 sceptrisque
764 2367 890 2434 potitum,

155 2445 191 2496 Et
208 2444 296 2512 patrio
316 2444 527 2496 Andromachen
544 2444 644 2496 iterum
663 2443 777 2496 cessisse
795 2442 899 2494 marito.

154 2519 289 2588 Obstipui,
308 2520 429 2588 miroque
447 2519 586 2572 incensum
605 2523 699 2586 pectus
717 2533 816 2584 amere,

155 2595 324 2663 Compellare
342 2595 430 2648 virum
450 2599 479 2648 et
496 2611 574 2648 casus
592 2609 755 2660 cognoscere
772 2595 871 2646 tantos.
962 2631 986 2662 q

155 2673 318 2740 Progredior
336 2677 425 2740 portu,
444 2671 537 2724 classis
555 2675 584 2723 et
601 2669 682 2722 litora
700 2669 839 2738 linquens;

154 2749 297 2802 Sollemnis
315 2765 375 2801 cum
395 2749 465 2802 forte
484 2748 568 2817 dapes
586 2750 616 2800 et
633 2747 723 2800 tristis
741 2745 813 2799 dona

155 2828 230 2880 Ante
247 2824 344 2878 urbem
362 2826 389 2878 in
406 2825 467 2878 luco
485 2825 546 2878 falsi
566 2825 711 2878 Simoentis
729 2822 765 2876 ad
782 2826 884 2877 undam

155 2899 272 2954 Libebat
289 2901 372 2955 cineri
392 2901 584 2954 Andromache
603 2900 745 2968 Manisque
764 2900 878 2954 vocabat

156 2980 323 3033 Hectoreum
341 2978 377 3032 ad
395 2978 538 3044 tumulum,
557 2977 636 3030 viridi
654 2994 735 3045 quem
753 2979 872 3046 caespite
890 2977 997 3030 inanem

156 3057 191 3110 Iit
208 3056 338 3124 geminas,
356 3073 479 3110 eaussorn
497 3055 622 3122 lacrimis,
642 3061 798 3108 sacraverat
816 3071 883 3107 aras.
969 3067 1005 3107 aas

156 3131 195 3188 Ut
212 3150 256 3186 me
274 3135 416 3202 conspexit
433 3133 588 3188 venientem
606 3135 635 3187 et
654 3133 734 3186 l'roia
751 3133 851 3186 circum

157 3214 242 3266 Arma
260 3225 352 3263 emens
370 3209 448 3276 vidit,
466 3211 572 3279 magnis
589 3211 723 3263 exterrita
740 3209 868 3262 monsttis
