2266 3562
148 154 179 201 ss
376 137 406 202 Ρ.
427 151 580 200 venerer
603 151 771 201 Maeonis

145 229 271 298 Victoris,
289 233 356 296 tum,
374 247 443 298 quos
461 231 553 284 amisit
571 231 680 298 inultus,
698 248 819 297 amores;

144 307 181 360 Et
199 305 307 360 stabula
324 305 488 374 adspectans
506 307 597 373 regnis
616 308 733 362 excessit
750 308 837 362 avitis.

145 382 218 449 Ilrgo
236 381 308 434 omni
327 398 392 434 cura
410 382 475 435 viris
494 386 613 448 exercet,
632 386 661 436 et
679 383 751 437 iuter

146 457 220 510 Dura
237 457 308 510 iacet
325 475 429 526 pernox
448 458 565 511 instrato
583 475 649 511 saxa
666 459 755 527 cubili,
941 476 999 516 aaa

145 534 299 587 Frondibus
317 533 431 588 hirsutis
449 538 478 588 et
496 534 583 588 carice
601 538 696 602 pastus
713 540 799 601 acuta,

144 611 179 664 llt
196 613 316 678 temptet
335 627 402 678 sese,
421 613 506 678 atque
523 610 603 664 irasci
621 611 649 663 in
668 628 767 665 cornua
785 612 866 667 discit

144 687 261 740 Arboris
279 686 394 739 obnixus
411 690 517 754 tumeo,
536 691 687 756 ventosque
704 688 813 742 lacessit

144 762 256 830 Ictibus,
275 765 304 816 et
322 779 416 830 sparsa
434 763 470 815 ad
487 779 606 831 pugnam
625 763 747 832 proludit
764 781 853 818 arena.

144 839 217 905 Post,
236 838 282 892 ubi
301 839 445 892 collectum
463 838 547 892 robur
565 839 692 909 viresque
710 841 838 910 reiectae,
960 857 998 894 aaa

143 915 226 984 Signa
243 919 340 978 movet
358 932 544 985 praecepsque
563 915 679 969 oblitum
696 917 786 971 fertur
803 918 831 970 in
849 919 956 972 hostem
965 939 972 984 ;

143 992 255 1046 Fluctus
273 992 314 1045 uti
333 991 422 1046 medio
441 993 530 1062 coepit
548 1009 609 1046 cum
628 993 766 1056 albescere
784 998 868 1063 ponto

143 1068 269 1138 Longius,
287 1085 321 1121 ex
340 1069 450 1138 altoque
469 1070 557 1122 sinum
575 1069 675 1136 trahit;
693 1075 778 1139 utque
796 1071 905 1124 volutus

143 1146 190 1199 Ad
207 1149 296 1199 terras
313 1146 421 1199 inmane
439 1150 517 1199 sonat
535 1163 585 1215 per
603 1164 675 1214 saxa,
693 1164 783 1215 neque
800 1147 859 1214 ipso

142 1222 237 1276 Monte
255 1222 342 1274 minor
360 1222 528 1290 procumbit;
546 1226 576 1275 at
593 1224 648 1275 ima
665 1225 808 1276 exaestuat
825 1223 899 1276 unda
960 1239 996 1277 aso

142 1298 305 1366 Vorticibus,
324 1299 485 1366 nigramque
502 1299 557 1351 alte
572 1298 712 1352 'subiectat
731 1315 849 1352 arenam.

134 1409 136 1413 -
176 1375 262 1428 Omne
275 1375 343 1428 adeo
355 1392 442 1443 genus
454 1375 482 1427 in
499 1375 581 1428 terris
598 1375 793 1442 hominumque
810 1375 995 1443 ferarumque,

142 1452 179 1506 Ilt
196 1469 280 1519 genus
298 1467 472 1520 aequoreum,
491 1451 618 1519 pecudes,
636 1451 780 1519 pictaeque
797 1450 928 1517 volucres,

143 1527 176 1581 In
194 1529 277 1581 furias
296 1528 441 1596 ignemque
459 1531 549 1580 ruunt.
588 1529 674 1580 Amor
692 1527 816 1581 omnibus
834 1527 914 1581 idem.

141 1605 273 1672 Tempore
292 1621 343 1657 non
364 1604 415 1656 alio
433 1604 583 1657 catulorum
603 1603 689 1657 oblita
707 1604 802 1657 leaena
958 1620 993 1658 aas

141 1681 252 1735 Saevior
270 1681 372 1734 erravit
390 1681 499 1749 campis,
519 1697 569 1734 nec
586 1681 682 1734 funera
700 1681 778 1747 uolgo

141 1758 207 1811 Tam
225 1758 311 1811 multa
328 1757 457 1809 informes
475 1756 531 1809 ursi
550 1761 725 1824 stragemque
743 1757 854 1810 dedere'

142 1834 195 1888 Per
213 1835 308 1898 silvas;
326 1837 387 1886 tum
406 1849 502 1886 saevus
519 1850 593 1900 aper,
612 1837 670 1886 tum
689 1834 807 1900 pessime
824 1833 919 1900 tigris;

142 1912 212 1977 Heu,
231 1911 379 1963 maletum
399 1908 499 1977 Libyae
518 1910 581 1962 solis
600 1913 708 1962 erratur
726 1909 753 1962 in
771 1909 850 1976 egris.

142 1988 238 2041 Nonne
256 1986 340 2052 vides,
359 1988 390 2038 ut
409 1988 468 2038 tota
486 1989 590 2039 tremor
607 1989 778 2054 pertemptet
796 2001 927 2052 equorum
957 1999 993 2039 aso

142 2064 269 2132 Corpora,
288 2063 310 2115 si
329 2065 437 2116 tantum
455 2065 532 2115 notas
551 2062 618 2114 odor
636 2062 731 2115 attulit
749 2064 846 2116 aurasl

142 2143 183 2193 Ac
201 2156 289 2209 neque
309 2155 355 2192 eos
373 2139 425 2191 iam
444 2139 522 2191 frena
540 2139 634 2206 virum,
653 2155 742 2207 neque
760 2138 875 2192 verbera
892 2154 979 2206 saeva,

141 2215 202 2270 Non
221 2215 322 2284 scopuli
340 2232 477 2285 rupesque
497 2232 578 2268 cavae
596 2219 681 2284 atque
699 2215 806 2269 obiecta
824 2217 968 2270 retardant

141 2291 273 2358 Flumina,
293 2295 485 2360 correptosque
504 2293 577 2344 unda
595 2293 754 2361 torquentia
771 2293 879 2346 montis.

142 2368 205 2435 Ipse
224 2369 280 2421 ruit
299 2369 451 2436 dentesque
472 2368 620 2421 Sabellicus
640 2369 747 2421 exacuit
765 2386 823 2439 sus,¹
958 2385 994 2423 ast

141 2445 176 2498 Et
194 2444 264 2513 pede
282 2445 436 2513 prosubigit
455 2450 565 2509 terram,
586 2444 667 2497 fricat
686 2444 784 2497 arbore
802 2449 898 2514 costos,

141 2522 235 2589 Atque
256 2521 318 2574 hinc
337 2525 421 2590 atque
440 2521 513 2574 illinc
531 2520 658 2574 humeros
677 2519 713 2573 ad
731 2521 842 2574 volnera
860 2521 949 2577 durat

141 2598 213 2662 Quid
231 2598 342 2661 iuvenis,
361 2614 490 2664 magnum
510 2597 552 2650 cui
571 2599 711 2651 versatio
730 2599 836 2652 ossibus
855 2599 946 2665 ignem

141 2674 231 2727 Durus
249 2675 340 2728 emori
378 2674 485 2741 Nempe
505 2673 631 2742 abruptis
650 2674 764 2728 turbata
781 2676 906 2743 procellis

140 2750 228 2804 Nocte
246 2755 323 2806 natat
342 2769 421 2807 caeca
440 2768 516 2805 serus
534 2751 621 2815 ireta3
640 2768 722 2819 quem
741 2768 823 2820 super
840 2752 936 2819 ingens
958 2766 994 2807 aot

140 2825 224 2880 Porta
242 2832 320 2881 tonat
338 2830 413 2895 caeli,
432 2833 461 2882 et
479 2829 596 2897 scopulis
614 2828 694 2881 inlisa
712 2829 860 2883 reclamant

140 2903 285 2972 aequom
303 2922 353 2958 nec
372 2906 464 2959 miseri
483 2908 597 2974 possunt
617 2921 745 2958 revocare
762 2909 899 2973 parentes,

138 2977 197 3032 Nec
214 2982 347 3037 moritura
364 2999 446 3050 super
464 2983 568 3037 crudeli
587 2983 683 3036 funere
702 2982 784 3050 virgo.

139 3054 211 3119 Quid
229 3058 318 3127 lynces
337 3059 436 3112 Bacchi
455 3060 545 3114 variae
564 3063 593 3113 et
610 3075 697 3127 genus
716 3075 777 3112 acre
794 3059 919 3125 luporum

139 3132 233 3202 Atque
252 3137 364 3190 canuml
383 3136 458 3206 quid,
477 3153 547 3205 quae
565 3135 679 3190 inbelles
698 3134 765 3188 dant
782 3136 886 3204 proelia
903 3137 994 3190 cervil

138 3208 247 3266 Scilicet
265 3215 329 3268 unte
347 3211 435 3268 omnis
452 3213 528 3268 furor
547 3217 590 3268 cst
608 3211 721 3280 insignis
738 3227 887 3283 equarum;
958 3226 995 3266 aee
1050 3239 1052 3244 ·
