2278 3568
106 171 154 216 114
344 170 374 219 Ρ.
394 169 550 216 VERGlLI
568 169 736 218 MARONIS

107 250 235 306 'Pelorum
252 254 361 308 interea
379 253 467 306 cessat
484 266 579 318 genus.

142 327 315 382 Vestibulum
334 333 399 382 ante
417 327 506 394 ipsum
524 327 668 394 primoque
685 329 713 382 in
730 328 824 382 limine
845 327 965 398 Pyrrhus

108 402 242 470 Exsultat,
262 407 325 460 telis
343 410 372 459 et
390 404 450 456 luce
468 419 595 455 coruscus
614 419 696 470 aena;
929 419 966 458 470

108 479 201 543 Qualis
219 482 266 534 ubi
285 483 313 535 in
332 482 419 534 lucem
438 478 550 532 coluber
568 479 640 532 mala
657 481 782 546 gramina
799 486 903 549 pastus,

44 551 46 555 ’
108 556 220 624 Frigida
239 558 289 610 sub
308 563 383 612 terra
401 555 538 609 tumidum
557 571 639 623 quern
657 556 755 609 brunia
774 557 894 625 tegebat,

106 631 132 684 N
135 650 193 696 une,
212 635 308 703 positis
326 650 412 687 novus
431 632 536 706 exuviis
555 631 713 700 nitidusque
732 633 852 700 iuventa,

107 708 225 764 Lubrica
243 711 377 764 convolvit
396 708 504 763 sublato
522 711 634 776 pectore
653 712 732 777 terga

107 785 220 839 Arduus
238 787 273 840 ad
292 787 384 854 solem,
404 789 433 840 et
450 785 550 853 linguis
569 785 652 839 micat
670 801 718 839 ore
736 785 862 840 trisulcis.
928 801 964 842 475

106 861 169 916 Una
186 863 282 932 ingens
306 863 437 934 Periphas
456 865 485 916 et
505 879 637 932 equorum
655 864 776 931 agitator
795 861 917 930 Achillis,

108 940 237 1008 Armiger
255 941 440 1007 Automedon,
459 956 514 993 nna
533 940 619 992 onmis
638 942 731 1010 Scyria
748 939 836 1010 pubes

106 1015 261 1070 Succedunt
279 1021 360 1086 tecto,
380 1020 410 1071 et
427 1017 551 1070 flammas
570 1017 606 1070 ad
625 1019 742 1072 culmina
761 1019 872 1072 iactant.

108 1091 172 1160 lpse
189 1093 262 1146 inter
280 1095 382 1162 primos
402 1097 528 1162 correpta
547 1093 616 1147 dura
634 1094 746 1164 bipenni

106 1168 213 1222 Limina
231 1170 392 1238 perrumpit,
412 1169 556 1238 postisque
574 1187 590 1223 a
608 1173 719 1225 cardine
738 1171 815 1224 vellit
927 1187 963 1224 sac

107 1245 240 1309 Aeratos;
259 1246 368 1312 iamque
388 1245 478 1298 excisa
496 1245 576 1298 trabe
594 1247 673 1300 firma
691 1248 795 1300 cavavit

107 1320 223 1386 Robora,
243 1325 271 1372 et
290 1321 430 1388 ingentem
449 1319 507 1372 lato
527 1320 607 1372 dedit
626 1337 673 1374 ore
692 1323 846 1375 fenestram.

108 1397 233 1464 Adparet
253 1397 350 1449 domus
369 1397 451 1461 intus,
472 1399 501 1448 et
520 1397 590 1448 atria
608 1396 688 1465 longa
707 1402 867 1466 patescunt3

108 1473 253 1541 Adparent
273 1471 375 1525 Priami
394 1474 422 1524 et
441 1475 565 1524 veterum
583 1474 737 1540 penetralia
755 1491 858 1542 regum,

106 1549 292 1617 Armatosque
310 1548 405 1602 vident
425 1548 524 1601 stantis
542 1549 570 1600 in
588 1549 681 1602 limine
700 1551 796 1619 primo.
925 1565 962 1605 sot

142 1627 181 1680 At
199 1625 295 1678 domus
314 1625 428 1678 interior
445 1625 552 1692 gemitu
573 1625 726 1695 miseroque
745 1627 865 1682 tumultu

106 1702 247 1770 Miscetur,
266 1702 430 1771 penitusque
448 1717 529 1754 cavae
547 1702 723 1770 plangoribus
741 1703 825 1758 aedes

107 1778 242 1832 Femineis
260 1779 381 1843 ululant,
399 1778 465 1830 serit
484 1795 566 1830 aurea
585 1779 675 1832 sidera
692 1780 801 1835 clamor.

106 1855 175 1908 'Pum
193 1855 307 1923 pavidae
326 1855 408 1907 tectis
427 1857 530 1906 matres
543 1854 708 1921 'ingentibus
727 1860 828 1924 errant,

109 1931 315 2000 Amplexaeque
334 1933 429 1982 tenent
446 1930 532 1996 postis
551 1933 636 1998 atque
655 1931 746 1984 oscula
764 1933 858 2000 figunt.
927 1949 963 1986 ccv

108 2008 199 2061 Instat
217 2007 242 2060 vi
261 2007 351 2076 patria
370 2005 506 2074 Pyrrhus;
524 2023 574 2059 nec
593 2007 718 2077 claustra,
736 2025 825 2077 neque
843 2009 894 2078 ipsi

6 2119 14 2133 l.
108 2084 243 2138 Custodes
262 2083 375 2137 sufferre
393 2082 501 2148 valent;
519 2083 594 2136 labat
612 2085 700 2138 ariete
718 2085 814 2140 crebro

109 2161 202 2225 Ianua,
220 2165 249 2212 et
267 2159 350 2212 emoti
368 2159 551 2227 procumbunt
570 2161 681 2215 cardine
700 2167 799 2230 postes.

109 2237 154 2290 Fit
172 2237 215 2290 via
232 2237 273 2300 vi,
291 2239 420 2303 rumpunt
439 2235 538 2304 aditus,
556 2238 713 2306 primosque
730 2239 871 2293 trucidant

109 2313 219 2366 lmnissi
238 2312 333 2378 Danai,
353 2314 382 2364 et
400 2312 456 2366 lato
474 2313 533 2366 loca
550 2314 637 2368 milite
656 2315 790 2384 conplent.
928 2331 964 2368 soe

109 2389 170 2444 Non
190 2389 235 2456 sic,
254 2388 400 2456 aggeribus
419 2389 508 2457 ruptis
528 2406 589 2442 cum
609 2408 739 2459 spumeus
756 2392 843 2445 amnis

110 2465 184 2518 leiit
203 2466 396 2533 oppositasque
416 2465 496 2519 evicit
514 2467 624 2533 gurgite
643 2467 736 2533 moles,

111 2541 211 2594 Fertur
229 2542 256 2594 in
274 2558 339 2594 arva
357 2541 450 2592 furens
470 2541 584 2605 cumulo,
604 2559 768 2611 camposque
786 2560 836 2611 per
854 2543 941 2596 omnis

110 2617 179 2672 Cum
198 2618 313 2670 stabulis
333 2621 460 2670 armenta
479 2617 573 2672 trahit.
595 2618 661 2672 Vidi
679 2619 738 2689 ipse
756 2620 892 2674 furentem

109 2694 202 2748 (laede
211 2694 420 2763 Neoptolemum
430 2695 608 2763 geminosque
616 2696 644 2748 in
652 2696 885 2761 limineAtridas3
931 2712 967 2750 an
1072 2752 1074 2758 ,
1132 2691 1133 2736 i

6 2797 8 2826 r
111 2771 177 2823 Vidi
193 2771 333 2824 Hecubam
347 2774 514 2839 centumque
528 2788 620 2838 nurus,
636 2771 829 2840 Priamumque
841 2789 891 2841 per
906 2789 967 2826 aras

111 2846 248 2915 Sanguine
267 2847 432 2914 foedantem,
453 2865 521 2916 quos
540 2849 598 2917 ipse
618 2854 778 2916 sacraverat,
797 2849 874 2917 ignis.

6 2945 8 2976 τ
111 2924 315 2992 Quinquaginta
332 2924 371 2976 illi
390 2923 510 2992 thalami,
530 2941 592 2992 spes
610 2927 690 2978 tanta
707 2929 845 2993 nepotum,

7 3011 8 3016 ’
113 2999 259 3054 Barbarico
278 3005 370 3069 postes
390 3017 456 3054 auro
475 3001 622 3070 spoliisque
641 3003 760 3070 superbi,

113 3077 299 3143 Procubuere;
318 3082 414 3131 tenent
433 3077 527 3146 Danai,
548 3095 602 3148 qna
621 3078 714 3132 delicit
732 3079 809 3146 ignis.
932 3093 969 3133 sat

148 3154 273 3208 Forsitan
292 3158 328 3222 et,
349 3154 449 3208 Priami
468 3155 570 3209 fuerint
589 3173 659 3224 qnae
677 3157 741 3224 fata,
760 3157 889 3223 requiras.

114 3230 196 3289 Urbis
214 3231 254 3288 uti
273 3235 370 3306 captae
387 3249 478 3292 casura
497 3232 677 3304 convolsaque
695 3231 766 3288 vidit
