2278 3568
375 502 404 552 P.
422 503 578 552 VERGILI
597 505 763 556 MARONIS

346 661 810 739 AENEIDOS

397 846 514 900 uranu
540 847 744 905 suounnus

526 1029 625 1055 —4—

141 1155 323 1207 CONTIOUERE
341 1170 442 1225 omnes,
459 1159 616 1231 intentique
635 1180 683 1216 ora
701 1162 842 1215 tenebant.

142 1229 211 1282 lude
230 1233 290 1283 toro
308 1233 388 1298 pater
407 1234 515 1289 Aeneas
534 1239 572 1291 sie
590 1255 667 1291 orsus
685 1237 719 1290 ab
737 1237 806 1290 alto:

175 1305 331 1373 Infandum,
351 1306 463 1377 Regina,
482 1312 560 1366 iubes
578 1329 709 1366 renovare
729 1311 857 1375 dolorem,

140 1381 268 1436 Troianas
288 1387 319 1436 ut
339 1400 404 1452 opes
423 1391 452 1440 et
470 1388 644 1442 lamentabile
663 1405 777 1455 regnum

140 1457 268 1512 Eruerint
287 1459 390 1525 Danai;
409 1479 534 1532 quaeque
552 1465 611 1532 ipse
629 1464 780 1518 miserrima
799 1463 864 1532 vidi,
988 1480 998 1516 ⁵

141 1535 174 1588 llt
192 1553 308 1604 quorum
327 1553 391 1606 pars
411 1556 510 1607 magna
528 1541 574 1595 fui.
613 1541 679 1606 Quis
698 1539 764 1593 talia
782 1539 863 1593 fando

138 1611 338 1679 Myrmidonum
360 1613 531 1683 Dolopumve
550 1621 597 1670 aut
617 1616 679 1670 duri
699 1616 776 1670 miles
795 1616 869 1670 Ulixi

137 1687 281 1757 Temperet
300 1708 316 1742 a
334 1690 471 1746 lacrimis?
491 1695 518 1746 at
536 1693 590 1745 iam
608 1710 662 1746 uox
681 1693 795 1746 humida
812 1693 885 1746 caelo

137 1763 310 1836 Praecipitat,
329 1767 504 1838 suadentque
523 1770 649 1824 cadentia
669 1771 760 1824 sidera
779 1787 892 1824 somnos.

137 1841 191 1894 Sed
210 1843 232 1896 si
252 1846 345 1896 tantus
366 1861 442 1898 amor
460 1863 538 1900 casus
556 1863 720 1914 cognoscere
739 1851 845 1900 nostros
976 1863 999 1900 m

136 1917 172 1970 Ilt
190 1919 313 1972 breviter
332 1920 427 1974 Troiae
446 1939 603 1990 supremum
622 1924 717 1976 audire
737 1922 866 1986 laborem,

136 1994 309 2062 Quamquam
322 1997 428 2050 animus
440 1999 593 2052 meminisse
605 2000 707 2068 horret,
720 1999 852 2066 luctuque
864 1999 974 2067 refugit,

135 2069 278 2138 Incipiam.

312 2147 403 2201 Tracti
422 2148 494 2202 bello
512 2151 631 2219 fatisque
650 2152 753 2220 repulsi

135 2221 273 2276 Ductores
293 2223 426 2294 Danaum,
445 2229 487 2279 tot
504 2227 558 2280 iam
577 2227 732 2282 labentibus
751 2233 836 2298 annis,

135 2299 229 2352 Instar
248 2301 346 2353 montis
366 2318 466 2370 equum
486 2303 578 2358 divina
599 2305 718 2360 Palladis
737 2310 797 2359 arto
975 2320 998 2359 1⁵

135 2375 299 2443 Aedificant,
322 2381 451 2446 sectuque
469 2381 599 2436 intexunt
617 2382 708 2436 abiete
726 2386 829 2447 costas;

135 2449 237 2505 Votum
256 2470 305 2521 pro
325 2454 419 2508 reditu
438 2457 581 2523 simulaut;
599 2477 632 2512 ea
650 2460 722 2511 fama
740 2461 862 2524 vagatur.

136 2527 199 2581 Huc
216 2529 322 2583 delecta
341 2531 428 2584 virum
449 2535 540 2588 sortiti
561 2552 675 2603 corpora
694 2533 787 2586 furtim

136 2604 284 2659 lnoludunt
302 2624 381 2662 caeco
400 2609 489 2676 lateri,
509 2612 678 2680 penitusque
698 2627 825 2662 cavernas

137 2681 260 2749 Ingentis
279 2687 443 2755 uterumque
463 2691 568 2739 armato
589 2687 676 2740 milite
698 2685 832 2753 conplent.
976 2701 998 2738 to

171 2758 220 2812 Est
237 2759 265 2813 in
284 2767 431 2830 conspectu
452 2761 584 2830 Tenedos,
605 2763 746 2816 notissima
763 2762 835 2816 sarna

140 2834 236 2898 lnsula
254 2837 331 2892 dives
349 2856 438 2907 opum,
461 2839 561 2892 Priami
583 2838 648 2891 dum
669 2855 754 2907 regna
771 2839 925 2908 manebunt,

137 2911 215 2966 Nunc
234 2917 340 2968 tantum
361 2917 435 2968 sinus
455 2918 484 2968 et
502 2916 583 2968 statio
603 2915 674 2970 male
695 2916 752 2970 fida
769 2916 882 2982 earinis3

138 2988 200 3042 lluc
218 3007 247 3043 se
265 2993 387 3059 provecti
407 2991 517 3045 desorto
536 2992 564 3044 in
582 2992 664 3046 litore
685 2993 811 3050 condunt.

136 3065 194 3118 Nos
212 3066 311 3120 abiisse
330 3069 382 3121 rati
402 3071 431 3121 ot
449 3072 531 3122 vento
549 3070 661 3138 petiisse
682 3071 815 3138 Mycenas.

137 3141 209 3210 Ergo
229 3143 315 3196 omnis
334 3143 413 3212 lougo
432 3145 512 3200 solvit
530 3163 559 3200 se
578 3147 693 3202 Teucria
711 3147 791 3201 luctu.

138 3218 302 3272 l'ancluntur
320 3225 431 3288 portae:
449 3222 525 3277 iuvat
542 3223 582 3278 ire
601 3227 630 3277 et
650 3224 747 3278 Dorica
765 3227 853 3278 castra
