2278 3568
132 155 177 204 144
365 153 393 200 P.
411 152 566 200 VERGILI
582 153 716 201 MARON
718 153 751 201 IS

128 231 216 296 Quam
236 231 329 298 procul
348 231 485 285 incautam
504 248 616 286 nemora
633 233 707 286 inter
723 232 820 286 Cresia
837 233 898 289 fixit

129 309 227 361 Pastor
244 325 327 376 agens
346 309 416 376 telis,
436 309 571 377 liquitque
588 309 698 363 volatile
715 309 818 364 ferrum

128 385 152 436 N
156 386 256 448 cseins;
273 385 319 438 illa
337 386 402 452 fuga
420 385 500 438 silvas
520 386 659 454 saltusque
677 389 807 454 peragrat

129 461 269 526 Dictae0s3
287 462 383 514 liaeret
401 461 482 514 lateri
500 461 589 515 letalis
608 461 719 515 arundo.

129 539 154 590 N
156 555 208 592 unc
225 538 316 591 media
335 541 447 591 Aenean
466 555 557 591 secum
575 555 626 607 per
644 539 751 592 moenia
769 540 852 608 ducit,

129 614 306 682 Sidoniasque
324 618 445 668 ostentat
463 631 528 682 opes
546 613 697 682 urbemque
713 619 854 683 paratam3
961 631 985 674 75

129 690 228 760 Incipit
246 691 329 758 effari,
346 691 492 758 mediaque
510 691 538 743 in
557 707 621 744 voce
639 691 757 756 resistit;

129 767 208 820 Nunc
226 768 322 820 eadem
340 767 449 820 labente
468 767 513 820 die
531 767 653 820 convivia
671 768 785 836 quaerit,

130 843 280 911 Iliacosque
298 845 398 897 iterum
417 843 530 897 demens
547 844 645 898 audire
662 844 771 898 latores

130 920 265 988 Exposcit,
283 921 441 990 pendetque
459 922 560 974 itonam
578 921 713 974 trementis
729 919 766 974 ab
781 937 838 975 ere

130 996 202 1062 Post,
220 997 268 1050 nbi
287 997 410 1065 digressi,
428 998 575 1066 lumenque
594 997 708 1063 obscura
726 998 844 1052 vicissim
957 1013 985 1052 so
1053 993 1054 996 '

130 1073 207 1126 Luna
224 1075 324 1141 premit
342 1074 513 1142 suadentque
532 1074 657 1128 cadentia
675 1074 765 1127 sidera
784 1082 900 1140 somnes,
927 1122 929 1129 .

130 1149 192 1203 Sola
210 1150 290 1202 domo
309 1155 415 1204 maeret
433 1167 526 1218 vacua,
545 1151 695 1219 stratisque
713 1150 815 1204 relictis

111 1225 253 1280 -lncubat
290 1225 371 1278 Illum
390 1226 490 1280 absens
508 1227 649 1279 absentem
668 1225 800 1293 auditque
818 1227 957 1292 videtque,

130 1304 188 1356 Aut
205 1301 313 1370 gremio
328 1303 485 1370 Ascanium,
503 1302 634 1369 genitoris
653 1301 771 1368 imagine
789 1304 876 1368 capta,

130 1378 251 1446 Detinet,
269 1379 410 1433 infandum
429 1379 453 1432 si
471 1378 565 1430 fallere
583 1376 671 1445 possit
690 1392 816 1428 amorem.
960 1390 984 1428 ee

131 1454 191 1507 Nou
209 1459 322 1524 coeptae
341 1455 494 1522 adsurgunt
512 1457 610 1518 turres,
628 1469 682 1504 nen
702 1467 777 1504 anna
794 1452 921 1504 iuventus

132 1531 256 1598 Exercet,
275 1535 409 1599 portusve
428 1533 476 1582 aut
494 1527 694 1598 propugnacula
712 1527 783 1581 bello

131 1607 200 1660 Tuta
218 1611 329 1676 parant;
346 1606 469 1676 pendent
487 1621 570 1673 opera
588 1605 744 1672 interrupta
761 1605 907 1673 minaeque

131 1683 273 1737 Murorum
290 1685 414 1752 ingentes
433 1685 605 1750 aequataque
623 1681 748 1734 machina
766 1681 849 1735 eaelo.

166 1760 253 1826 Quam
272 1760 351 1813 simul
369 1776 400 1812 ae
417 1759 465 1812 tali
484 1758 619 1826 persensit
637 1761 716 1824 peste
733 1759 823 1811 tenori
961 1771 987 1812 so

132 1836 202 1890 Gara
220 1836 293 1890 lovis
311 1836 435 1899 coniunx,
454 1850 503 1886 nec
522 1833 621 1886 temam
640 1833 750 1886 obstare
768 1834 860 1900 furori,

132 1913 240 1966 Talibus
257 1911 418 1979 adgreditur
438 1910 573 1963 Venerem
592 1910 718 1963 Saturnia
737 1906 828 1963 dictis:

132 1989 276 2055 Egregiam
294 2004 358 2040 vero
377 1986 486 2039 laudern
505 1989 534 2038 et
552 1985 639 2053 spolia
658 1986 747 2054 arrrpla
765 1986 875 2040 refertis

131 2064 225 2132 Tuque
243 2079 365 2131 puerque
383 2066 453 2127 tuus,
472 2065 647 2129 magnumst
664 2061 841 2116 memorabile
858 2079 964 2131 nemen,

132 2139 194 2192 Una
212 2139 274 2192 dolo
292 2138 381 2192 divom
400 2138 423 2191 si
440 2138 541 2192 femina
558 2138 630 2191 victa
648 2139 764 2192 duorum
783 2143 834 2194 est.
962 2155 987 2194 se

132 2215 190 2268 Nee
208 2233 251 2269 me
270 2215 338 2269 adeo
356 2215 425 2268 tulit
445 2215 559 2268 veritam
579 2219 608 2268 te
625 2216 731 2269 moenia
748 2220 843 2270 nostra

132 2291 277 2360 Suspectans
296 2291 423 2344 habuisse
442 2291 538 2346 domos
559 2291 738 2360 Karthaginis
755 2293 833 2346 altae.

131 2367 186 2422 Sed
204 2368 264 2436 quis
283 2369 336 2421 crit
354 2367 458 2433 modus,
477 2371 524 2421 aut
543 2385 597 2436 quo
615 2385 687 2422 nurrc
705 2371 853 2422 certamine
871 2372 970 2423 tantoi

132 2445 202 2508 Quin
220 2445 311 2512 potius
329 2460 423 2512 pacem
442 2449 580 2498 aeternam
600 2449 749 2514 pactosque
767 2445 931 2512 hymenaeos
955 2445 957 2450 ’

132 2520 317 2574 Exercemusl
336 2519 428 2586 habes,
446 2523 506 2574 tota
524 2521 597 2590 quod
616 2524 707 2574 mente
725 2521 830 2588 petisti:
953 2537 987 2575 re*

133 2596 224 2650 Ardet
241 2613 334 2649 amans
354 2595 425 2650 Dido
443 2598 585 2666 traxitque
602 2613 652 2664 per
670 2613 731 2649 essa
748 2596 876 2650 furorem.

132 2672 308 2726 Communem
326 2673 398 2726 hunc
416 2691 480 2741 ergo
499 2673 628 2742 populum
646 2672 816 2740 paribusque
834 2689 961 2741 regamus

132 2749 282 2818 Auspiciis;
300 2749 379 2802 licent
399 2750 516 2818 Phrygio
534 2749 635 2802 servire
653 2748 760 2815 marito,

130 2824 293 2894 Dotalisqne
312 2830 376 2878 tuae
396 2826 488 2893 Tyrios
507 2824 670 2892 permittere
689 2825 810 2880 dextrae.

167 2901 341 2956 Olli-sensit
359 2903 430 2955 enim
450 2901 576 2954 simulata
594 2903 687 2954 mente
704 2901 829 2971 locutam,
952 2916 987 2956 ito

133 2977 192 3042 Quo
209 2995 324 3046 regnum
345 2978 441 3031 ltaliae
461 2977 572 3044 Libycas
590 2981 728 3032 averteret
746 2995 843 3032 oras-
1130 3001 1131 3062 p

132 3053 176 3108 Sic
193 3059 288 3108 contra
305 3058 347 3108 est
364 3054 487 3120 ingressa
505 3053 611 3108 Venus:
631 3054 696 3118 Quis
714 3055 781 3108 talia
797 3056 911 3110 demens

1130 3173 1131 3198 l

1130 3267 1131 3294 l

132 3129 252 3197 Abnuat,
270 3133 319 3184 aut
336 3133 426 3182 tecum
445 3130 523 3184 malit
540 3131 707 3186 contendere
725 3132 804 3200 bello,

132 3205 161 3260 si
178 3207 267 3274 modo,
285 3204 359 3274 quod
377 3221 518 3276 inertiores,
536 3207 639 3262 farctum
657 3209 766 3263 fortuna
784 3213 933 3278 aequaturi
