2278 3568
118 137 162 184 116
343 136 372 184 P.
392 133 545 182 VERGILI
562 133 727 183 MARONIS

118 217 228 272 Pelidae
244 217 378 284 genitori;
395 215 434 269 illi
453 231 514 269 mea
531 215 623 270 tristia
639 217 713 270 faeta

118 294 343 361 Degeneremque
362 292 572 361 Neoptolemum
591 309 703 346 narrare
720 296 865 348 memento.

119 370 317 423 Nuncmorere.
355 369 416 422 Hoc
424 368 516 422 dicens
525 368 622 422 altaria
632 369 668 422 ad
677 369 907 439 ipsatremcntem
936 384 973 423 sao

121 448 211 501 lraxit
228 451 257 500 ct
274 446 302 499 in
320 445 406 498 multo
424 444 576 512 lapsantem
595 447 726 513 sanguine
744 447 800 500 nati

118 524 301 592 Inplicuitque
320 537 424 574 comam
442 520 526 588 laeva,
546 522 699 590 dextraque
717 539 858 577 coruscum

118 600 223 654 Extulit
240 615 272 651 ac
290 597 368 651 lateri
386 597 483 666 capulo
501 600 582 652 tenus
601 597 709 652 abdidit
727 616 825 653 ensem.

119 677 195 730 Haec
212 675 273 728 finis
294 674 394 727 Priami
410 675 533 728 fatorum
542 695 548 740 ;
565 675 609 730 hic
628 676 718 730 exitus
736 676 813 730 illum

118 752 276 818 Sortetulit,
287 751 394 804 Troiam
402 753 539 806 incensam
547 755 576 806 et
585 752 712 822 prolapsa
720 752 858 807 videntem
939 768 975 807 sss
1072 751 1073 756 ’

119 830 257 897 Pergama,
275 831 318 881 tot
337 827 475 896 quondam
493 827 599 896 populis
618 830 756 898 terrisque
774 828 923 898 superbum
989 881 991 886 .

119 906 304 974 Regnatorem
324 905 414 958 Asiae.
452 904 528 958 Iacet
546 905 641 972 ingens
660 905 740 959 litore
758 909 878 973 truncus,

119 983 306 1051 Avolsumque
324 981 444 1035 humeris
462 985 553 1050 eaput,
572 986 600 1036 et
619 984 676 1036 sine
694 983 802 1036 nomine
820 999 925 1052 corpus.

41 1062 43 1066 ’
154 1062 194 1113 At
211 1076 255 1112 me
273 1063 332 1112 tum
350 1059 468 1126 primum
487 1074 582 1112 saevus
602 1059 783 1113 circumstetit
800 1059 902 1112 horror.

119 1135 259 1202 Obstipui3
278 1134 360 1187 subiit
378 1135 434 1188 cari
452 1134 583 1201 genitoris
602 1134 698 1202 imago,
941 1149 977 1188 soa

121 1211 159 1265 Ut
177 1228 269 1278 regem
289 1225 456 1277 aequaevum
474 1209 578 1262 crudeli
597 1211 706 1262 volnere
725 1209 780 1262 vidi

122 1287 214 1341 Vitam
232 1285 419 1349 exhalantem
438 1283 521 1337 subiit
540 1285 652 1337 deserta
670 1285 780 1350 Creusa,

122 1364 157 1417 dt
174 1363 282 1430 direpta
300 1359 404 1427 domus,
424 1363 452 1413 et
471 1359 547 1428 parvi
566 1375 644 1412 casus
666 1360 725 1412 Iuli.

121 1439 253 1508 Respicio,
272 1439 308 1503 et,
328 1452 397 1504 quae
416 1435 452 1488 sit
470 1451 514 1488 me
532 1435 633 1489 circum
651 1436 735 1504 copia,
754 1435 847 1490 lustro.

122 1517 273 1570 Deseruere
291 1529 384 1566 omnes
402 1511 510 1578 defessi,
530 1515 559 1564 et
577 1527 691 1581 corpora
708 1511 781 1565 saltu
941 1527 977 1568 sus

122 1592 168 1645 Ad
185 1595 288 1646 terram
306 1589 404 1642 misere
424 1592 472 1642 aut
489 1587 598 1657 ignibus
617 1605 700 1657 aegra
719 1588 829 1644 dedere.

156 1667 284 1738 [lamque
303 1666 371 1719 adeo
391 1681 472 1733 super
490 1681 560 1718 unus
579 1681 662 1730 eram,
680 1683 741 1719 cum
759 1665 851 1720 limina
869 1667 972 1720 Vestae

121 1745 282 1799 Servantem
300 1745 328 1796 et
346 1741 459 1794 tacitam
478 1744 583 1796 secreta
601 1741 628 1794 in
647 1741 713 1796 sede
732 1741 863 1796 latentem

122 1819 275 1890 Tyndarida
293 1818 405 1886 aspicio:
425 1817 492 1871 dant
511 1818 583 1872 clara
600 1818 727 1872 incendia
745 1819 832 1872 lucem

123 1897 232 1950 Erranti
251 1895 406 1964 passimque
424 1893 515 1948 oculos
533 1911 583 1962 per
602 1899 700 1949 cuncta
718 1895 826 1950 ferenti.
943 1911 979 1950 ssa

123 1973 176 2027 Illa
193 1973 244 2026 sibi
262 1971 375 2024 infestos
394 1987 488 2024 eversa
506 1970 541 2024 ob
560 1970 694 2038 Pergama
709 1972 829 2025 Teucros

124 2051 160 2102 llt
177 2065 276 2118 poenas
296 2047 418 2100 Danaum
438 2049 467 2100 et
485 2046 587 2101 deserti
605 2047 726 2115 coniugis
744 2049 798 2101 iras

91 2183 93 2186 ,
124 2125 325 2188 Praemetuens‚
345 2122 442 2178 Troiae
461 2126 490 2177 et
507 2123 613 2192 patriae
631 2125 781 2179 eommunis
800 2125 904 2194 Erinys,

125 2201 281 2255 Abdiderat
299 2217 359 2254 sese
377 2205 461 2269 atque
480 2201 534 2254 aris
551 2201 638 2254 invisa
656 2201 778 2256 sedebat.

126 2278 258 2332 Exarsere
276 2278 353 2346 ignes
371 2277 475 2342 animo;
493 2277 567 2332 subit
585 2277 627 2331 ira
644 2277 789 2332 cadentem
945 2293 981 2332 sss

127 2355 224 2409 Ulcisci
242 2356 359 2423 patriam
377 2358 405 2408 et
423 2354 568 2408 sceleratas
585 2369 693 2407 sumere
710 2370 816 2422 poenas.

125 2431 234 2484 Scilicet
251 2430 318 2484 haec
337 2430 464 2498 Spartam
482 2429 625 2484 incolumis
642 2429 800 2498 patriasque
820 2430 947 2498 Mycenas

126 2507 265 2575 Aspicietl
284 2509 418 2574 partoque
436 2505 488 2558 ibit
506 2506 600 2573 regina
618 2506 766 2574 triumpho,

127 2583 350 2651 Coniugiumque,
368 2581 540 2649 domumque,
559 2584 659 2649 patres,
677 2589 812 2648 natosque
830 2581 941 2648 videbit,

128 2658 244 2712 Iliadum
263 2657 344 2712 turba
362 2661 390 2712 et
410 2657 534 2725 Phrygiis
553 2657 683 2711 comitata
701 2657 850 2712 ministris?
944 2673 981 2711 osi

128 2734 266 2788 Occiderit
283 2735 357 2788 ferro
379 2735 518 2788 Priamusl
557 2734 637 2786 Troia
654 2735 753 2806 arserit
770 2734 842 2802 ignil

128 2811 297 2866 Dardanium
315 2811 414 2865 totiens
434 2810 541 2864 sudarit
558 2811 689 2878 sanguine
707 2811 788 2864 litusl

128 2887 191 2942 Non
208 2888 255 2942 ita
292 2887 418 2956 Namque
436 2887 489 2940 etsi
506 2887 610 2940 nullum
629 2885 804 2942 memorabile
822 2905 920 2942 nomen

130 2964 259 3018 Feminea
276 2965 304 3017 in
321 2979 409 3032 poena
427 2966 470 3016 est
488 2979 538 3017 nec
556 2964 642 3018 habet
659 2965 772 3018 victoria
789 2964 905 3028 laudem,

130 3040 301 3094 Exstinxisse
318 3039 394 3094 nefas
411 3042 504 3094 tamen
522 3043 552 3096 et
569 3042 716 3110 sumpsisse
733 3041 864 3095 merentis
944 3052 981 3093 sss

131 3116 275 3170 Laudabor
292 3133 400 3187 poenas,
419 3115 593 3187 animumque
610 3118 734 3188 explesse
750 3116 855 3171 iuvabit

131 3191 243 3246 Ultric'm
260 3193 393 3261 flammae,
412 3197 441 3247 et
459 3193 563 3249 moeres
581 3194 695 3249 satiasse
712 3209 841 3248 meomm.
