2278 3568
423 164 499 210 AEN
501 163 605 211 EIDOS
628 164 696 214 LIB.
719 163 767 212 IV.
973 169 1018 216 159

166 246 309 314 Karthago
321 248 370 298 aut
381 244 495 312 antiqua
507 243 597 311 Tyros,
610 242 789 316 flammaeque
800 248 923 301 furentes
983 260 1020 302 ute

165 321 290 375 Oulmiua
307 338 410 390 perque
428 320 567 372 homiuum
585 319 728 376 volvantur
745 341 849 393 perque
868 323 988 377 deorum.

166 398 265 451 Audiit
283 398 421 464 exanimis,
441 395 605 464 trepidoque
624 400 759 454 exterrita
777 417 858 454 cursu

165 474 309 542 Unguibus
328 491 376 527 ora
395 491 470 527 soror
488 473 601 526 foedans
619 477 648 526 et
665 481 778 543 pectora
795 477 892 546 pugnis

165 550 219 604 Per
237 551 341 604 medios
359 552 422 620 ruit,
441 567 472 604 ac
490 551 653 604 morientem
672 553 778 607 nomine
796 553 907 607 clamat:

166 627 225 680 Hoc
242 627 318 695 illud,
336 645 472 695 germana,
491 627 562 680 10111
581 643 625 680 ure
642 627 739 682 fraude
758 629 889 697 petebas?
983 643 1019 684 ers

164 703 225 758 Hoc
243 720 324 772 rogus
342 705 394 757 iste
412 704 485 771 mihi,
504 703 555 757 hoc
573 703 649 771 ignes
666 722 785 774 araeque
803 705 954 776 parabanti

164 781 236 846 Quid
253 781 371 850 primum
391 781 503 834 deserta
520 781 635 847 querarl
654 783 817 836 comitemne
836 799 956 836 sororem

164 858 296 925 Sprevisti
315 858 447 910 moriensi
485 856 589 909 Eadem
607 873 651 909 rue
670 857 706 910 ad
724 859 781 912 fata
799 876 937 924 vocasses;

164 933 243 986 Idem
262 933 355 986 ambas
373 934 445 986 ferro
464 933 548 1000 dolor,
567 936 651 1000 atque
669 934 766 988 eadem
784 935 851 988 hora
868 935 983 990 tulisset.

165 1009 216 1062 His
235 1011 317 1064 ctiam
334 1011 424 1064 struxi
443 1009 572 1077 manibus,
590 1011 748 1080 patriosque
767 1013 858 1083 000001
982 1028 1019 1068 eso

164 1085 238 1140 Voce
256 1087 329 1154 deos,
348 1087 385 1140 sic
403 1091 431 1140 10
449 1091 480 1140 ut
497 1087 585 1156 posita
602 1087 720 1140 erudelis
737 1088 879 1143 abessem?

164 1164 302 1216 Exstinxti
320 1169 348 1217 te
367 1181 472 1233 meque,
491 1181 574 1232 soror,
592 1164 777 1233 populumque
795 1169 941 1234 patresque

163 1239 287 1293 Sidonios
304 1241 455 1308 urbemque
473 1245 555 1294 tuam.
594 1243 665 1294 Date
683 1241 791 1294 volnera
808 1241 930 1310 lymphis,

88 1327 93 1336 ’
163 1316 288 1385 Abluam,
308 1322 343 1386 ct,
362 1323 501 1372 extremus
519 1319 542 1371 si
561 1319 620 1386 quis
641 1335 723 1387 super
741 1318 842 1371 halitus
860 1323 942 1386 errat,

163 1393 217 1446 Ore
235 1395 329 1462 legum.
368 1395 412 1449 Sic
429 1396 486 1448 fata
504 1395 605 1463 medus
624 1400 748 1450 evaserat
766 1395 844 1462 altos
980 1412 1017 1448 ces

163 1469 408 1539 Semiauinremquc
428 1473 486 1524 sinu
504 1489 661 1539 germanam
679 1473 804 1540 amplexa
823 1472 933 1525 fovebat

164 1545 231 1598 (lum
249 1548 361 1614 gemitu,
380 1551 464 1614 atque
482 1552 556 1600 atros
576 1548 696 1600 siccabat·
713 1553 788 1601 veste
807 1565 924 1601 cruores.

165 1621 222 1688 llla,
240 1623 330 1689 graiis
349 1623 439 1676 oculos
458 1626 554 1676 conata
573 1623 707 1688 attollere,
727 1640 821 1675 rursus

163 1697 277 1763 Deficit;
295 1699 407 1750 infixum
426 1698 520 1752 stridit
538 1697 588 1750 sub
607 1703 718 1766 pectore
737 1699 839 1752 volnus.

163 1773 216 1826 Ter
233 1791 293 1828 sese
311 1775 439 1828 attollens
458 1774 605 1843 cubitoque
623 1775 723 1828 adnixa
741 1775 855 1838 levavit;
980 1791 1017 1830 000

162 1849 215 1904 Ter
232 1851 356 1905 revoluta
373 1855 434 1906 toro
453 1857 502 1919 est,
522 1852 659 1920 oculisque
679 1851 834 1904 errantibus
852 1851 908 1904 alto

162 1927 301 1990 Quaesivit
318 1928 392 1981 caclo
411 1929 506 1994 lucem,
526 1926 714 1996 iligemuitque
733 1933 850 1996 reperta.

196 2003 263 2056 'lum
284 2005 353 2058 lune
370 2007 548 2074 omnipotens,
566 2006 676 2074 longum
695 2007 823 2058 miserata
842 2005 963 2060 delerem

163 2079 338 2148 Difficilisque
356 2082 455 2150 obitus,
474 2083 542 2135 Irim
562 2082 672 2135 demisit
691 2083 813 2151 Olympo,

162 2156 236 2218 Quae
249 2156 398 2210 luctantem
411 2159 528 2212 animaru
541 2175 681 2226 nexosque
694 2159 844 2212 resolveret
856 2163 939 2212 artus.
979 2173 1015 2212 005

161 2232 186 2284 N
188 2249 232 2285 am
251 2233 314 2301 quia
331 2250 381 2286 nec
399 2235 463 2301 fato,
482 2235 582 2288 merita
599 2251 649 2287 uec
666 2239 754 2288 morte
772 2235 887 2303 peribat,

161 2307 216 2362 Sed
233 2310 333 2362 misera
351 2315 415 2364 ante
434 2311 514 2377 diem,
533 2311 679 2379 subitoque
698 2327 811 2364 accensa
829 2311 927 2380 furore,

161 2385 289 2440 Nondum
307 2386 345 2438 illi
363 2386 462 2439 flavum
482 2388 643 2456 Proserpina
661 2388 762 2441 vertice
781 2388 881 2442 crinem

163 2463 332 2530 Abstulerat,
352 2463 500 2533 Stygioque
518 2468 599 2532 caput
617 2463 796 2518 damnaverat
815 2465 900 2522 Oreo..

95 2589 96 2592 ,
162 2538 233 2606 llrgo
253 2540 306 2593 lris
325 2541 426 2594 croceis
444 2558 494 2609 per
511 2541 614 2594 caelum
634 2540 740 2594 roscida
759 2541 865 2610 pennis,
919 2560 922 2564 ’
979 2558 1015 2597 700

162 2614 236 2668 Μ1110
254 2617 364 2670 trahens
383 2617 471 2670 varios
489 2617 605 2670 adverse
624 2617 681 2671 sele
699 2617 813 2684 0010000,

161 2689 283 2759 Dcvolat,
302 2697 330 2745 01
349 2710 429 2760 supra
448 2697 530 2762 caput
548 2693 671 2747 adstitit:
692 2693 773 2746 Hunc
792 2711 842 2760 ego
861 2693 919 2748 Dit'

160 2765 274 2820 Sacrum
291 2768 369 2828 iussa,
380 2770 447 2836 fero,
466 2773 549 2838 teque
567 2769 622 2824 isto
639 2786 753 2839 corpore
772 2770 852 2824 solve.

161 2842 205 2896 Sic
222 2842 267 2910 ait,
286 2846 315 2896 et
333 2843 432 2899 dextra
449 2845 551 2899 crinem
570 2849 657 2900 secat:
676 2846 762 2898 omnis
781 2849 810 2900 et
827 2863 880 2900 una

161 2918 288 2986 Dllapsus
306 2919 386 2986 calor,
404 2923 488 2990 atquc
506 2923 534 2974 in
552 2926 649 2976 ventos
667 2921 724 2975 vita
741 2922 862 2978 recessit.
977 2939 1014 2980 100

1083 1 1137 141 K
