2278 3568
414 136 600 185 AENEIDOS
620 136 688 186 LIB.
712 136 749 184 11.
965 133 1011 180 119

153 217 249 282 Arma,
267 216 326 283 viri,
344 215 417 270 serto
435 232 525 281 anna;
544 219 624 270 vocat
641 215 688 269 lux
706 215 804 270 ultima
823 216 914 270 victos

155 291 277 346 Reddite
294 309 339 346 me
358 292 474 356 Danais;
493 293 573 346 sinite
589 293 742 346 instaurata
760 292 877 345 revisam

155 368 270 422 Proelia.
305 368 462 437 Numquam
480 385 574 422 omnes
591 368 672 421 hodie
690 369 838 422 moriemur
855 367 942 422 inulti.
977 379 1013 420 000

191 443 264 498 Hinc
282 445 501 513 farroaccingor
519 461 613 498 rursus
631 445 774 514 clipeoque
791 445 929 498 sinistram

156 521 330 576 Insertabam
348 524 446 590 aptans
464 537 562 590 meque
581 525 660 574 extra
677 525 752 574 tecta
769 519 898 574 ferebam.

155 598 227 652 Ecce
244 601 337 652 autem
357 597 489 666 conplexa
507 597 592 666 pedes
611 597 639 650 in
657 597 748 651 limine
767 599 884 652 coniunx

157 673 306 741 Haerebat,
325 689 494 743 parvumque
512 674 585 740 patri
603 673 736 728 tendebat
756 674 860 728 Iulum:

156 753 185 807 si
203 751 342 819 periturus
361 749 427 817 abis,
447 753 476 804 et
493 767 542 802 nos
560 766 626 818 rape
645 749 672 802 in
691 750 781 804 omnia
799 753 905 815 tecurn;
978 763 1014 801 ers

157 829 204 883 Sin
222 827 340 897 aliquam
360 829 491 896 expertus
509 827 625 894 sumptis
643 843 719 894 spem
737 826 815 894 ponis
832 825 861 878 in
878 825 968 891 armis,

159 905 238 958 Hanc
256 905 374 973 primum
393 907 486 958 tutare
505 901 623 955 domum.
660 902 710 955 (lui
728 919 827 971 parvus
848 899 932 968 Iulus,

123 991 127 1002 “
157 982 209 1038 Oui
227 986 307 1052 pater
325 983 355 1035 et
373 980 490 1034 coniunx
508 978 647 1047 quondam
665 981 714 1032 tua
732 977 807 1032 dicta
825 977 979 1046 relinqucrl

192 1059 268 1112 Talia
286 1057 438 1111 vociferans
456 1055 562 1124 gemitu
580 1058 685 1108 tectum
704 1071 785 1108 omne
803 1053 935 1122 replebat,

158 1134 228 1190 (lum
246 1133 367 1190 subitum
386 1132 517 1200 dictuque
535 1131 623 1184 oritur
640 1131 763 1185 mirabile
782 1134 941 1184 monstrum.
978 1145 1015 1184 saa

158 1211 284 1280 Namque
301 1226 398 1262 manus
415 1209 489 1262 inter
507 1211 729 1277 maestorumque
747 1223 795 1262 ora
813 1210 959 1276 parentum

160 1289 229 1343 Ecce
246 1287 315 1341 levis
333 1302 438 1340 summo
457 1284 493 1338 de
512 1285 613 1338 vertice
633 1285 705 1338 visus
725 1285 779 1339 Iuli

159 1365 287 1419 Fundere
305 1363 397 1418 lmnen
415 1379 492 1430 apex,
511 1365 643 1430 tactuque
661 1363 771 1416 innoxia
788 1361 878 1415 mollis

160 1441 293 1496 lambere
312 1440 421 1493 flamma
439 1455 530 1492 comas
548 1442 577 1492 et
595 1439 696 1493 circum
714 1443 838 1507 tempora
857 1436 936 1507 pasci.

160 1517 218 1572 Nos
235 1517 327 1587 paridi
345 1514 486 1584 trepidare
505 1517 588 1583 metu,
598 1516 755 1583 crinemque
774 1515 934 1582 flagrantem
979 1527 1015 1566 esa

160 1594 298 1649 Excutere
316 1596 345 1648 et
363 1595 472 1646 sanctos
491 1590 660 1658 restinguere
678 1591 799 1644 fontibus
817 1589 895 1658 ignis.

162 1671 202 1724 nt
219 1673 299 1740 pater
319 1667 454 1723 Anchises
472 1666 564 1720 oculos
581 1666 617 1719 ad
636 1667 727 1721 sidera
744 1667 833 1720 laetus

47 1812 52 1822 ,
162 1745 276 1813 Extulit,
295 1748 324 1800 ct
341 1744 415 1798 caelo
435 1742 539 1811 palmas
557 1758 619 1795 curn
636 1760 702 1798 vnce
720 1743 854 1797 tetendit:

163 1823 288 1892 Iuppiter
306 1821 485 1889 omnipotens,
504 1818 630 1888 precibus
649 1821 671 1873 si
690 1819 809 1873 flecteris
826 1819 896 1888 ullis,

163 1899 263 1968 Aspice
281 1915 345 1964 n0s;
365 1898 416 1952 hoc
434 1902 556 1962 tantum;
575 1900 611 1964 et,
630 1897 652 1950 si
670 1897 774 1965 pietate
793 1912 936 1961 meremur,
982 1910 1018 1950 000

162 1974 205 2028 Da
222 1975 323 2029 deinde
341 1975 477 2042 auxilium,
496 1977 583 2043 pater,
602 1976 686 2042 atque
704 1973 771 2026 haec
789 1973 878 2026 omina
895 1972 981 2026 firma

163 2051 217 2104 Vix
235 2069 267 2106 ea
284 2053 358 2107 satus
376 2057 437 2106 erat
455 2053 552 2117 sanun,
572 2051 718 2119 subitoque
736 2050 845 2117 fragore

164 2126 288 2184 Intonuit
305 2129 420 2199 laevum,
439 2135 468 2184 et
486 2130 521 2183 de
539 2129 615 2182 caelo
633 2129 710 2196 lapsa
727 2143 777 2194 per
795 2125 906 2179 umbras

163 2205 249 2259 Stella
266 2206 352 2260 facem
371 2207 473 2262 ducens
491 2207 577 2260 multa
595 2221 655 2258 cunr
675 2203 734 2256 luce
752 2202 879 2256 cucurrit.

164 2281 253 2349 Illam,
271 2299 376 2338 summa
395 2301 477 2353 super
495 2283 633 2336 labentem
652 2279 769 2332 culmina
786 2278 861 2346 tecti,
982 2290 1019 2330 oec

72 2380 75 2390 ·
164 2358 308 2414 Cernimus
328 2360 413 2415 Idaea
431 2361 532 2414 claram
552 2375 582 2412 se
600 2356 717 2410 condere
736 2355 803 2408 silva

164 2434 377 2504 signantemque
396 2438 468 2501 vias3
488 2441 548 2490 tum
567 2435 649 2502 longo
667 2433 755 2486 limite
774 2432 864 2486 sulcus

165 2509 220 2566 Dat
237 2512 333 2580 lucem,
352 2517 381 2568 et
399 2514 455 2567 late
473 2513 575 2566 circum
593 2511 652 2565 loca
670 2509 772 2563 sulfure
791 2509 905 2563 fumant

165 2588 219 2641 Hic
237 2605 300 2642 vero
319 2590 407 2643 victus
424 2591 533 2658 genitor
551 2605 580 2642 sc
598 2587 670 2642 tollit
689 2585 724 2640 ad
742 2602 830 2652 auras,

165 2664 340 2734 Adfaturque
360 2665 425 2721 deos
443 2671 472 2722 et
490 2669 613 2720 sanctum
632 2663 707 2718 sidus
726 2662 830 2716 adorat.
985 2673 1021 2714 000

166 2739 224 2794 Iam
238 2741 291 2794 iam
304 2743 377 2796 nulla
389 2760 465 2798 mora
474 2748 531 2807 est;
550 2757 656 2808 sequor,
667 2743 703 2805 ct,
714 2755 768 2807 qua
777 2738 883 2805 ducitis,
892 2736 996 2790 adsum.

167 2808 204 2870 Di
220 2819 310 2885 patrii,
329 2823 436 2873 servate
455 2819 574 2885 domum,
592 2819 699 2870 servate
717 2817 853 2882 nepotem.

166 2893 297 2949 Vestrum
310 2895 360 2949 hoe
371 2897 522 2964 augurium,
535 2897 681 2960 vestroque
693 2894 721 2945 in
733 2891 843 2946 numine
857 2890 936 2942 Troia
947 2891 997 2943 est

166 2969 242 3050 §ledo
261 2971 396 3040 equidem,
414 2989 471 3038 nec,
490 2974 562 3037 nate,
581 2969 632 3024 tibi
649 2985 739 3025 comes
757 2969 797 3021 ire
816 2981 917 3020 recuso.

202 3046 319 3104 Dixerat
335 3048 395 3114 ille;
414 3052 443 3103 et
460 3049 514 3104 iam
532 3065 582 3116 per
599 3047 705 3100 moenia
722 3044 819 3098 clarior
837 3041 907 3110 ignis
986 3052 1024 3093 000

168 3123 299 3192 Auditur,
317 3125 483 3195 propiusque
501 3129 594 3178 aestus
611 3121 737 3178 incendia
754 3119 873 3173 volvrmt.

168 3198 242 3267 Ergo
259 3216 318 3269 age,
336 3217 399 3256 care
416 3204 502 3270 pater,
518 3199 617 3256 cervici
635 3199 766 3266 inponere
783 3197 893 3250 nostrae
902 3213 910 3258 ;
