<?xml version="1.0" encoding="UTF-8"?>
<!DOCTYPE html PUBLIC "-//W3C//DTD XHTML 1.0 Transitional//EN"
    "http://www.w3.org/TR/xhtml1/DTD/xhtml1-transitional.dtd">
<html xmlns="http://www.w3.org/1999/xhtml" xml:lang="en" lang="en">
 <head>
  <title>
</title>
<meta http-equiv="Content-Type" content="text/html;charset=utf-8" />
  <meta name='ocr-system' content='tesseract 3.04.00' />
  <meta name='ocr-capabilities' content='ocr_page ocr_carea ocr_par ocr_line ocrx_word'/>
</head>
<body>
  <div class='ocr_page' id='page_1' title='image "./operaexrecensio01virggoog_0139.png"; bbox 0 0 2278 3568; ppageno 0'>
   <div class='ocr_carea' id='block_1_1' title="bbox 124 135 742 188">
    <p class='ocr_par' dir='ltr' id='par_1_1' title="bbox 124 135 742 188">
     <span class='ocr_line' id='line_1_1' title="bbox 124 135 742 188; baseline -0.003 0"><span class='ocrx_word' id='word_1_1' title='bbox 124 139 171 188; x_wconf 80' lang='lat'><strong>128</strong></span> <span class='ocrx_word' id='word_1_2' title='bbox 357 136 385 185; x_wconf 90' lang='lat' dir='ltr'><strong>P.</strong></span> <span class='ocrx_word' id='word_1_3' title='bbox 404 135 559 184; x_wconf 82' lang='lat' dir='ltr'><strong>VERGILI</strong></span> <span class='ocrx_word' id='word_1_4' title='bbox 576 135 742 187; x_wconf 85' lang='lat' dir='ltr'>MARONIS</span> 
     </span>
    </p>
   </div>
   <div class='ocr_carea' id='block_1_2' title="bbox 123 217 975 517">
    <p class='ocr_par' dir='ltr' id='par_1_2' title="bbox 123 217 764 285">
     <span class='ocr_line' id='line_1_2' title="bbox 123 217 764 285; baseline 0 -13"><span class='ocrx_word' id='word_1_5' title='bbox 123 217 166 272; x_wconf 84' lang='lat' dir='ltr'><strong>Sic</strong></span> <span class='ocrx_word' id='word_1_6' title='bbox 184 218 237 283; x_wconf 86' lang='lat' dir='ltr'><strong>ait;</strong></span> <span class='ocrx_word' id='word_1_7' title='bbox 256 220 285 272; x_wconf 93' lang='lat' dir='ltr'><strong>et</strong></span> <span class='ocrx_word' id='word_1_8' title='bbox 302 218 392 271; x_wconf 91' lang='lat' dir='ltr'><strong>cuncti</strong></span> <span class='ocrx_word' id='word_1_9' title='bbox 410 217 484 270; x_wconf 89' lang='lat' dir='ltr'><strong>dicto</strong></span> <span class='ocrx_word' id='word_1_10' title='bbox 501 232 628 285; x_wconf 87' lang='lat' dir='ltr'><strong>paremus</strong></span> <span class='ocrx_word' id='word_1_11' title='bbox 646 222 764 272; x_wconf 84' lang='lat' dir='ltr'><strong>ovantes.</strong></span> 
     </span>
    </p>

    <p class='ocr_par' dir='ltr' id='par_1_3' title="bbox 124 292 975 363">
     <span class='ocr_line' id='line_1_3' title="bbox 124 292 975 363; baseline 0.007 -17"><span class='ocrx_word' id='word_1_12' title='bbox 124 293 203 348; x_wconf 90' lang='lat' dir='ltr'><strong>Hanc</strong></span> <span class='ocrx_word' id='word_1_13' title='bbox 221 311 329 363; x_wconf 89' lang='lat' dir='ltr'><strong>qnoque</strong></span> <span class='ocrx_word' id='word_1_14' title='bbox 348 293 500 348; x_wconf 87' lang='lat' dir='ltr'><strong>deserimus</strong></span> <span class='ocrx_word' id='word_1_15' title='bbox 517 292 618 358; x_wconf 91' lang='lat' dir='ltr'><strong>sedem,</strong></span> <span class='ocrx_word' id='word_1_16' title='bbox 636 294 784 363; x_wconf 79' lang='lat' dir='ltr'><strong>paucisque</strong></span> <span class='ocrx_word' id='word_1_17' title='bbox 801 295 903 350; x_wconf 88' lang='lat' dir='ltr'><strong>relictis</strong></span> <span class='ocrx_word' id='word_1_18' title='bbox 939 311 975 352; x_wconf 74' lang='grc' dir='ltr'><strong>ιω</strong></span> 
     </span>
    </p>

    <p class='ocr_par' dir='ltr' id='par_1_4' title="bbox 123 369 975 517">
     <span class='ocr_line' id='line_1_4' title="bbox 123 369 954 441; baseline 0.005 -19"><span class='ocrx_word' id='word_1_19' title='bbox 123 370 193 424; x_wconf 90' lang='lat' dir='ltr'><strong>Vela</strong></span> <span class='ocrx_word' id='word_1_20' title='bbox 211 371 314 436; x_wconf 75' lang='lat' dir='ltr'><strong>danius,</strong></span> <span class='ocrx_word' id='word_1_21' title='bbox 331 373 494 436; x_wconf 89' lang='lat' dir='ltr'><strong>vastumque</strong></span> <span class='ocrx_word' id='word_1_22' title='bbox 511 385 577 422; x_wconf 89' lang='lat' dir='ltr'><strong>cava</strong></span> <span class='ocrx_word' id='word_1_23' title='bbox 595 369 674 423; x_wconf 88' lang='lat' dir='ltr'><strong>trabe</strong></span> <span class='ocrx_word' id='word_1_24' title='bbox 692 371 827 424; x_wconf 91' lang='lat' dir='ltr'><strong>currimus</strong></span> <span class='ocrx_word' id='word_1_25' title='bbox 846 388 954 441; x_wconf 88' lang='lat' dir='ltr'><strong>aequor.</strong></span> 
     </span>
     <span class='ocr_line' id='line_1_5' title="bbox 158 446 975 517; baseline 0.006 -19"><span class='ocrx_word' id='word_1_26' title='bbox 158 447 306 514; x_wconf 89' lang='lat' dir='ltr'><strong>Postquam</strong></span> <span class='ocrx_word' id='word_1_27' title='bbox 333 446 419 500; x_wconf 90' lang='lat' dir='ltr'><strong>altum</strong></span> <span class='ocrx_word' id='word_1_28' title='bbox 445 449 560 499; x_wconf 89' lang='lat' dir='ltr'><strong>tenuere</strong></span> <span class='ocrx_word' id='word_1_29' title='bbox 587 449 669 513; x_wconf 86' lang='lat' dir='ltr'><strong>rates,</strong></span> <span class='ocrx_word' id='word_1_30' title='bbox 697 462 747 500; x_wconf 88' lang='lat' dir='ltr'><strong>nec</strong></span> <span class='ocrx_word' id='word_1_31' title='bbox 776 447 830 500; x_wconf 91' lang='lat' dir='ltr'><strong>iam</strong></span> <span class='ocrx_word' id='word_1_32' title='bbox 859 449 975 517; x_wconf 86' lang='lat' dir='ltr'><strong>amplius</strong></span> 
     </span>
    </p>
   </div>
   <div class='ocr_carea' id='block_1_3' title="bbox 121 523 974 1126">
    <p class='ocr_par' dir='ltr' id='par_1_5' title="bbox 121 523 974 1126">
     <span class='ocr_line' id='line_1_6' title="bbox 191 523 262 576; baseline 0.014 -1"><span class='ocrx_word' id='word_1_33' title='bbox 191 523 262 576; x_wconf 86' lang='lat' dir='ltr'><strong>ullae</strong></span> 
     </span>
     <span class='ocr_line' id='line_1_7' title="bbox 123 597 957 669; baseline 0.004 -17"><span class='ocrx_word' id='word_1_34' title='bbox 123 601 268 668; x_wconf 78' lang='lat' dir='ltr'><strong>Adparent</strong></span> <span class='ocrx_word' id='word_1_35' title='bbox 285 603 384 666; x_wconf 88' lang='lat' dir='ltr'><strong>terrae,</strong></span> <span class='ocrx_word' id='word_1_36' title='bbox 402 598 506 652; x_wconf 90' lang='lat' dir='ltr'><strong>caelum</strong></span> <span class='ocrx_word' id='word_1_37' title='bbox 524 597 645 666; x_wconf 87' lang='lat' dir='ltr'><strong>undique</strong></span> <span class='ocrx_word' id='word_1_38' title='bbox 663 601 692 651; x_wconf 91' lang='lat' dir='ltr'><strong>et</strong></span> <span class='ocrx_word' id='word_1_39' title='bbox 709 599 831 668; x_wconf 90' lang='lat' dir='ltr'><strong>undique</strong></span> <span class='ocrx_word' id='word_1_40' title='bbox 848 605 957 669; x_wconf 89' lang='lat' dir='ltr'><strong>pontus,</strong></span> 
     </span>
     <span class='ocr_line' id='line_1_8' title="bbox 122 675 870 742; baseline -0.001 -13"><span class='ocrx_word' id='word_1_41' title='bbox 122 675 189 730; x_wconf 78' lang='lat' dir='ltr'><strong>&#39;l&#39;um</strong></span> <span class='ocrx_word' id='word_1_42' title='bbox 208 677 274 729; x_wconf 91' lang='lat' dir='ltr'><strong>mihi</strong></span> <span class='ocrx_word' id='word_1_43' title='bbox 292 675 432 729; x_wconf 78' lang='lat' dir='ltr'><strong>caenuleus</strong></span> <span class='ocrx_word' id='word_1_44' title='bbox 450 691 532 742; x_wconf 89' lang='lat' dir='ltr'><strong>supra</strong></span> <span class='ocrx_word' id='word_1_45' title='bbox 550 677 632 742; x_wconf 87' lang='lat' dir='ltr'><strong>caput</strong></span> <span class='ocrx_word' id='word_1_46' title='bbox 649 675 758 729; x_wconf 77' lang='lat' dir='ltr'><strong>adstitit</strong></span> <span class='ocrx_word' id='word_1_47' title='bbox 776 675 870 742; x_wconf 85' lang='lat' dir='ltr'>imber,</span> 
     </span>
     <span class='ocr_line' id='line_1_9' title="bbox 121 750 971 819; baseline 0.002 -14"><span class='ocrx_word' id='word_1_48' title='bbox 121 752 237 806; x_wconf 79' lang='lat' dir='ltr'><strong>Noctem</strong></span> <span class='ocrx_word' id='word_1_49' title='bbox 255 752 425 819; x_wconf 82' lang='lat' dir='ltr'><strong>hiememque</strong></span> <span class='ocrx_word' id='word_1_50' title='bbox 438 751 536 817; x_wconf 83' lang='lat' dir='ltr'><strong>ferens,</strong></span> <span class='ocrx_word' id='word_1_51' title='bbox 553 755 582 804; x_wconf 91' lang='lat' dir='ltr'><strong>et</strong></span> <span class='ocrx_word' id='word_1_52' title='bbox 599 750 734 805; x_wconf 88' lang='lat' dir='ltr'><strong>inhorruit</strong></span> <span class='ocrx_word' id='word_1_53' title='bbox 751 751 825 805; x_wconf 87' lang='lat' dir='ltr'><strong>unda</strong></span> <span class='ocrx_word' id='word_1_54' title='bbox 842 751 971 807; x_wconf 88' lang='lat' dir='ltr'><strong>tenebris.</strong></span> 
     </span>
     <span class='ocr_line' id='line_1_10' title="bbox 122 827 974 896; baseline 0 -14"><span class='ocrx_word' id='word_1_55' title='bbox 122 828 256 882; x_wconf 81' lang='lat' dir='ltr'><strong>Continuo</strong></span> <span class='ocrx_word' id='word_1_56' title='bbox 274 828 348 882; x_wconf 87' lang='lat' dir='ltr'><strong>venti</strong></span> <span class='ocrx_word' id='word_1_57' title='bbox 368 827 478 882; x_wconf 86' lang='lat' dir='ltr'><strong>volvunt</strong></span> <span class='ocrx_word' id='word_1_58' title='bbox 495 843 570 880; x_wconf 88' lang='lat' dir='ltr'><strong>mare</strong></span> <span class='ocrx_word' id='word_1_59' title='bbox 588 843 741 896; x_wconf 82' lang='lat' dir='ltr'><strong>magnaque</strong></span> <span class='ocrx_word' id='word_1_60' title='bbox 759 831 876 896; x_wconf 78' lang='lat' dir='ltr'><strong>surgrmt</strong></span> <span class='ocrx_word' id='word_1_61' title='bbox 938 843 974 882; x_wconf 80' lang='lat' dir='ltr'><strong>lae</strong></span> 
     </span>
     <span class='ocr_line' id='line_1_11' title="bbox 122 903 792 974; baseline -0.001 -16"><span class='ocrx_word' id='word_1_62' title='bbox 122 905 267 974; x_wconf 80' lang='lat' dir='ltr'><strong>Aequora3</strong></span> <span class='ocrx_word' id='word_1_63' title='bbox 286 904 403 974; x_wconf 89' lang='lat' dir='ltr'><strong>dispersi</strong></span> <span class='ocrx_word' id='word_1_64' title='bbox 421 905 555 958; x_wconf 86' lang='lat' dir='ltr'><strong>iactamur</strong></span> <span class='ocrx_word' id='word_1_65' title='bbox 572 903 682 971; x_wconf 80' lang='lat' dir='ltr'><strong>gurgite</strong></span> <span class='ocrx_word' id='word_1_66' title='bbox 700 907 792 969; x_wconf 87' lang='lat' dir='ltr'><strong>vasto;</strong></span> 
     </span>
     <span class='ocr_line' id='line_1_12' title="bbox 123 979 840 1048; baseline -0.003 -14"><span class='ocrx_word' id='word_1_67' title='bbox 123 981 265 1036; x_wconf 81' lang='lat' dir='ltr'><strong>Involvere</strong></span> <span class='ocrx_word' id='word_1_68' title='bbox 283 982 355 1036; x_wconf 90' lang='lat' dir='ltr'><strong>diem</strong></span> <span class='ocrx_word' id='word_1_69' title='bbox 374 981 468 1048; x_wconf 91' lang='lat' dir='ltr'><strong>nimbi,</strong></span> <span class='ocrx_word' id='word_1_70' title='bbox 486 985 515 1034; x_wconf 93' lang='lat' dir='ltr'><strong>et</strong></span> <span class='ocrx_word' id='word_1_71' title='bbox 533 997 586 1033; x_wconf 86' lang='lat' dir='ltr'><strong>nox</strong></span> <span class='ocrx_word' id='word_1_72' title='bbox 605 979 717 1034; x_wconf 87' lang='lat' dir='ltr'><strong>humida</strong></span> <span class='ocrx_word' id='word_1_73' title='bbox 735 981 840 1034; x_wconf 92' lang='lat' dir='ltr'><strong>caelum</strong></span> 
     </span>
     <span class='ocr_line' id='line_1_13' title="bbox 123 1055 825 1126; baseline -0.004 -15"><span class='ocrx_word' id='word_1_74' title='bbox 123 1057 261 1125; x_wconf 82' lang='lat' dir='ltr'><strong>Abstulit3</strong></span> <span class='ocrx_word' id='word_1_75' title='bbox 278 1059 445 1126; x_wconf 85' lang='lat' dir='ltr'><strong>ingeminant</strong></span> <span class='ocrx_word' id='word_1_76' title='bbox 464 1056 588 1124; x_wconf 83' lang='lat' dir='ltr'><strong>abruptis</strong></span> <span class='ocrx_word' id='word_1_77' title='bbox 606 1055 723 1110; x_wconf 90' lang='lat' dir='ltr'><strong>nubibus</strong></span> <span class='ocrx_word' id='word_1_78' title='bbox 740 1057 825 1124; x_wconf 84' lang='lat' dir='ltr'><strong>ignes.</strong></span> 
     </span>
    </p>
   </div>
   <div class='ocr_carea' id='block_1_4' title="bbox 122 1132 974 1200">
    <p class='ocr_par' dir='ltr' id='par_1_6' title="bbox 122 1132 974 1200">
     <span class='ocr_line' id='line_1_14' title="bbox 122 1132 974 1200; baseline -0.005 -12"><span class='ocrx_word' id='word_1_79' title='bbox 122 1135 282 1188; x_wconf 79' lang='lat' dir='ltr'><strong>Excutimur</strong></span> <span class='ocrx_word' id='word_1_80' title='bbox 300 1151 386 1200; x_wconf 84' lang='lat' dir='ltr'><strong>cursu,</strong></span> <span class='ocrx_word' id='word_1_81' title='bbox 405 1137 434 1187; x_wconf 88' lang='lat' dir='ltr'><strong>ct</strong></span> <span class='ocrx_word' id='word_1_82' title='bbox 452 1134 538 1186; x_wconf 89' lang='lat' dir='ltr'><strong>caecis</strong></span> <span class='ocrx_word' id='word_1_83' title='bbox 557 1149 680 1184; x_wconf 85' lang='lat' dir='ltr'><strong>erramus</strong></span> <span class='ocrx_word' id='word_1_84' title='bbox 698 1132 726 1185; x_wconf 89' lang='lat' dir='ltr'><strong>in</strong></span> <span class='ocrx_word' id='word_1_85' title='bbox 744 1132 832 1185; x_wconf 91' lang='lat' dir='ltr'><strong>undis.</strong></span> <span class='ocrx_word' id='word_1_86' title='bbox 938 1147 974 1184; x_wconf 83' lang='lat' dir='ltr'><strong>aee</strong></span> 
     </span>
    </p>
   </div>
   <div class='ocr_carea' id='block_1_5' title="bbox 120 1207 972 2038">
    <p class='ocr_par' dir='ltr' id='par_1_7' title="bbox 120 1207 972 1814">
     <span class='ocr_line' id='line_1_15' title="bbox 123 1207 834 1280; baseline -0.007 -16"><span class='ocrx_word' id='word_1_87' title='bbox 123 1212 186 1280; x_wconf 91' lang='lat' dir='ltr'><strong>lpse</strong></span> <span class='ocrx_word' id='word_1_88' title='bbox 205 1212 277 1264; x_wconf 90' lang='lat' dir='ltr'><strong>diem</strong></span> <span class='ocrx_word' id='word_1_89' title='bbox 296 1213 458 1277; x_wconf 88' lang='lat' dir='ltr'><strong>noctemque</strong></span> <span class='ocrx_word' id='word_1_90' title='bbox 476 1212 559 1276; x_wconf 87' lang='lat' dir='ltr'><strong>negat</strong></span> <span class='ocrx_word' id='word_1_91' title='bbox 578 1208 734 1260; x_wconf 89' lang='lat' dir='ltr'><strong>discernere</strong></span> <span class='ocrx_word' id='word_1_92' title='bbox 752 1207 834 1273; x_wconf 88' lang='lat' dir='ltr'><strong>caclo,</strong></span> 
     </span>
     <span class='ocr_line' id='line_1_16' title="bbox 121 1282 849 1340; baseline -0.008 0"><span class='ocrx_word' id='word_1_93' title='bbox 121 1286 146 1339; x_wconf 92' lang='lat' dir='ltr'>N</span> <span class='ocrx_word' id='word_1_94' title='bbox 149 1305 179 1340; x_wconf 92' lang='lat' dir='ltr'><strong>ec</strong></span> <span class='ocrx_word' id='word_1_95' title='bbox 197 1287 352 1340; x_wconf 83' lang='lat' dir='ltr'><strong>meminisse</strong></span> <span class='ocrx_word' id='word_1_96' title='bbox 370 1285 430 1340; x_wconf 88' lang='lat' dir='ltr'><strong>viae</strong></span> <span class='ocrx_word' id='word_1_97' title='bbox 448 1284 540 1337; x_wconf 87' lang='lat' dir='ltr'><strong>media</strong></span> <span class='ocrx_word' id='word_1_98' title='bbox 560 1283 704 1335; x_wconf 90' lang='lat' dir='ltr'><strong>Palinurus</strong></span> <span class='ocrx_word' id='word_1_99' title='bbox 722 1283 750 1334; x_wconf 93' lang='lat' dir='ltr'><strong>in</strong></span> <span class='ocrx_word' id='word_1_100' title='bbox 768 1282 849 1335; x_wconf 89' lang='lat' dir='ltr'><strong>unda.</strong></span> 
     </span>
     <span class='ocr_line' id='line_1_17' title="bbox 121 1358 724 1425; baseline -0.007 -9"><span class='ocrx_word' id='word_1_101' title='bbox 121 1363 181 1416; x_wconf 78' lang='lat' dir='ltr'><strong>Tris</strong></span> <span class='ocrx_word' id='word_1_102' title='bbox 199 1364 269 1417; x_wconf 87' lang='lat' dir='ltr'><strong>adeo</strong></span> <span class='ocrx_word' id='word_1_103' title='bbox 287 1363 405 1415; x_wconf 90' lang='lat' dir='ltr'><strong>incertos</strong></span> <span class='ocrx_word' id='word_1_104' title='bbox 424 1376 504 1414; x_wconf 86' lang='lat' dir='ltr'><strong>caeca</strong></span> <span class='ocrx_word' id='word_1_105' title='bbox 522 1358 636 1425; x_wconf 88' lang='lat' dir='ltr'><strong>caligine</strong></span> <span class='ocrx_word' id='word_1_106' title='bbox 654 1358 724 1412; x_wconf 87' lang='lat' dir='ltr'><strong>soles</strong></span> 
     </span>
     <span class='ocr_line' id='line_1_18' title="bbox 122 1433 813 1507; baseline -0.007 -14"><span class='ocrx_word' id='word_1_107' title='bbox 122 1439 251 1492; x_wconf 83' lang='lat' dir='ltr'><strong>Erramus</strong></span> <span class='ocrx_word' id='word_1_108' title='bbox 269 1439 372 1507; x_wconf 86' lang='lat' dir='ltr'><strong>pelago,</strong></span> <span class='ocrx_word' id='word_1_109' title='bbox 390 1436 508 1491; x_wconf 89' lang='lat' dir='ltr'><strong>totidem</strong></span> <span class='ocrx_word' id='word_1_110' title='bbox 526 1435 585 1488; x_wconf 90' lang='lat' dir='ltr'><strong>sine</strong></span> <span class='ocrx_word' id='word_1_111' title='bbox 603 1433 694 1488; x_wconf 85' lang='lat' dir='ltr'><strong>sidere</strong></span> <span class='ocrx_word' id='word_1_112' title='bbox 711 1439 813 1488; x_wconf 87' lang='lat' dir='ltr'><strong>noctes.</strong></span> 
     </span>
     <span class='ocr_line' id='line_1_19' title="bbox 121 1509 972 1582; baseline -0.005 -13"><span class='ocrx_word' id='word_1_113' title='bbox 121 1515 225 1579; x_wconf 85' lang='lat' dir='ltr'><strong>Quarto</strong></span> <span class='ocrx_word' id='word_1_114' title='bbox 242 1519 317 1568; x_wconf 87' lang='lat' dir='ltr'><strong>terra</strong></span> <span class='ocrx_word' id='word_1_115' title='bbox 336 1514 380 1567; x_wconf 89' lang='lat' dir='ltr'><strong>die</strong></span> <span class='ocrx_word' id='word_1_116' title='bbox 398 1513 516 1582; x_wconf 91' lang='lat' dir='ltr'><strong>primum</strong></span> <span class='ocrx_word' id='word_1_117' title='bbox 535 1527 565 1564; x_wconf 88' lang='lat' dir='ltr'><strong>se</strong></span> <span class='ocrx_word' id='word_1_118' title='bbox 583 1509 710 1564; x_wconf 87' lang='lat' dir='ltr'><strong>attollere</strong></span> <span class='ocrx_word' id='word_1_119' title='bbox 728 1509 841 1564; x_wconf 88' lang='lat' dir='ltr'><strong>tandem</strong></span> <span class='ocrx_word' id='word_1_120' title='bbox 936 1526 972 1565; x_wconf 78' lang='lat' dir='ltr'><strong>roe</strong></span> 
     </span>
     <span class='ocr_line' id='line_1_20' title="bbox 120 1585 859 1662; baseline -0.003 -18"><span class='ocrx_word' id='word_1_121' title='bbox 120 1591 194 1659; x_wconf 85' lang='lat' dir='ltr'><strong>Visa,</strong></span> <span class='ocrx_word' id='word_1_122' title='bbox 212 1592 318 1662; x_wconf 86' lang='lat' dir='ltr'><strong>aperire</strong></span> <span class='ocrx_word' id='word_1_123' title='bbox 336 1589 430 1659; x_wconf 89' lang='lat' dir='ltr'><strong>procul</strong></span> <span class='ocrx_word' id='word_1_124' title='bbox 447 1588 554 1654; x_wconf 91' lang='lat' dir='ltr'><strong>montis,</strong></span> <span class='ocrx_word' id='word_1_125' title='bbox 573 1603 605 1640; x_wconf 89' lang='lat' dir='ltr'><strong>ac</strong></span> <span class='ocrx_word' id='word_1_126' title='bbox 622 1585 731 1640; x_wconf 80' lang='lat' dir='ltr'><strong>volvere</strong></span> <span class='ocrx_word' id='word_1_127' title='bbox 749 1586 859 1642; x_wconf 81' lang='lat' dir='ltr'><strong>fumum.</strong></span> 
     </span>
     <span class='ocr_line' id='line_1_21' title="bbox 123 1662 928 1735; baseline -0.005 -13"><span class='ocrx_word' id='word_1_128' title='bbox 123 1668 191 1722; x_wconf 87' lang='lat' dir='ltr'><strong>Vela</strong></span> <span class='ocrx_word' id='word_1_129' title='bbox 208 1668 318 1735; x_wconf 88' lang='lat' dir='ltr'><strong>cadunt,</strong></span> <span class='ocrx_word' id='word_1_130' title='bbox 337 1666 419 1720; x_wconf 89' lang='lat' dir='ltr'><strong>remis</strong></span> <span class='ocrx_word' id='word_1_131' title='bbox 436 1664 617 1731; x_wconf 88' lang='lat' dir='ltr'><strong>insurgimus;</strong></span> <span class='ocrx_word' id='word_1_132' title='bbox 635 1662 710 1716; x_wconf 89' lang='lat' dir='ltr'><strong>haud</strong></span> <span class='ocrx_word' id='word_1_133' title='bbox 727 1679 810 1727; x_wconf 88' lang='lat' dir='ltr'><strong>mora,</strong></span> <span class='ocrx_word' id='word_1_134' title='bbox 829 1668 928 1719; x_wconf 90' lang='lat' dir='ltr'><strong>nautae</strong></span> 
     </span>
     <span class='ocr_line' id='line_1_22' title="bbox 122 1739 810 1814; baseline -0.01 -15"><span class='ocrx_word' id='word_1_135' title='bbox 122 1745 226 1800; x_wconf 77' lang='lat' dir='ltr'><strong>Adnisi</strong></span> <span class='ocrx_word' id='word_1_136' title='bbox 243 1748 373 1814; x_wconf 90' lang='lat' dir='ltr'><strong>torquent</strong></span> <span class='ocrx_word' id='word_1_137' title='bbox 392 1758 501 1810; x_wconf 87' lang='lat' dir='ltr'><strong>spumas</strong></span> <span class='ocrx_word' id='word_1_138' title='bbox 519 1745 548 1794; x_wconf 91' lang='lat' dir='ltr'><strong>et</strong></span> <span class='ocrx_word' id='word_1_139' title='bbox 565 1739 673 1793; x_wconf 87' lang='lat' dir='ltr'><strong>caerula</strong></span> <span class='ocrx_word' id='word_1_140' title='bbox 690 1742 810 1792; x_wconf 87' lang='lat' dir='ltr'><strong>verrunt.</strong></span> 
     </span>
    </p>

    <p class='ocr_par' dir='ltr' id='par_1_8' title="bbox 121 1815 972 2038">
     <span class='ocr_line' id='line_1_23' title="bbox 156 1815 949 1885; baseline -0.008 -9"><span class='ocrx_word' id='word_1_141' title='bbox 156 1822 298 1876; x_wconf 78' lang='lat' dir='ltr'><strong>Servatum</strong></span> <span class='ocrx_word' id='word_1_142' title='bbox 317 1838 350 1874; x_wconf 86' lang='lat' dir='ltr'><strong>ex</strong></span> <span class='ocrx_word' id='word_1_143' title='bbox 367 1819 448 1872; x_wconf 88' lang='lat' dir='ltr'><strong>undis</strong></span> <span class='ocrx_word' id='word_1_144' title='bbox 467 1816 652 1885; x_wconf 82' lang='lat' dir='ltr'><strong>Strophadum</strong></span> <span class='ocrx_word' id='word_1_145' title='bbox 671 1832 715 1868; x_wconf 91' lang='lat' dir='ltr'><strong>me</strong></span> <span class='ocrx_word' id='word_1_146' title='bbox 733 1815 814 1868; x_wconf 89' lang='lat' dir='ltr'><strong>litora</strong></span> <span class='ocrx_word' id='word_1_147' title='bbox 831 1816 949 1885; x_wconf 91' lang='lat' dir='ltr'><strong>primum</strong></span> 
     </span>
     <span class='ocr_line' id='line_1_24' title="bbox 121 1891 972 1967; baseline -0.007 -17"><span class='ocrx_word' id='word_1_148' title='bbox 121 1898 281 1967; x_wconf 87' lang='lat' dir='ltr'><strong>Accipiunt;</strong></span> <span class='ocrx_word' id='word_1_149' title='bbox 300 1894 466 1963; x_wconf 81' lang='lat' dir='ltr'><strong>Strophades</strong></span> <span class='ocrx_word' id='word_1_150' title='bbox 486 1893 567 1948; x_wconf 87' lang='lat' dir='ltr'><strong>Graio</strong></span> <span class='ocrx_word' id='word_1_151' title='bbox 586 1895 661 1946; x_wconf 87' lang='lat' dir='ltr'><strong>stant</strong></span> <span class='ocrx_word' id='word_1_152' title='bbox 678 1892 786 1944; x_wconf 89' lang='lat' dir='ltr'><strong>nomine</strong></span> <span class='ocrx_word' id='word_1_153' title='bbox 804 1891 901 1958; x_wconf 83' lang='lat' dir='ltr'><strong>dictae,</strong></span> <span class='ocrx_word' id='word_1_154' title='bbox 935 1905 972 1945; x_wconf 81' lang='lat' dir='ltr'><strong>aro</strong></span> 
     </span>
     <span class='ocr_line' id='line_1_25' title="bbox 122 1967 798 2038; baseline -0.01 -11"><span class='ocrx_word' id='word_1_155' title='bbox 122 1973 231 2027; x_wconf 85' lang='lat' dir='ltr'><strong>insulae</strong></span> <span class='ocrx_word' id='word_1_156' title='bbox 251 1974 328 2026; x_wconf 92' lang='lat' dir='ltr'><strong>Ionio</strong></span> <span class='ocrx_word' id='word_1_157' title='bbox 345 1973 373 2024; x_wconf 92' lang='lat' dir='ltr'><strong>in</strong></span> <span class='ocrx_word' id='word_1_158' title='bbox 392 1988 497 2038; x_wconf 87' lang='lat' dir='ltr'><strong>magno,</strong></span> <span class='ocrx_word' id='word_1_159' title='bbox 516 1986 583 2038; x_wconf 85' lang='lat' dir='ltr'><strong>quas</strong></span> <span class='ocrx_word' id='word_1_160' title='bbox 602 1969 662 2022; x_wconf 90' lang='lat' dir='ltr'><strong>dira</strong></span> <span class='ocrx_word' id='word_1_161' title='bbox 681 1967 798 2021; x_wconf 81' lang='lat' dir='ltr'><strong>Celaeno</strong></span> 
     </span>
    </p>
   </div>
   <div class='ocr_carea' id='block_1_6' title="bbox 15 2045 815 2119">
    <p class='ocr_par' dir='ltr' id='par_1_9' title="bbox 15 2045 815 2119">
     <span class='ocr_line' id='line_1_26' title="bbox 15 2045 815 2119; baseline -0.009 -16"><span class='ocrx_word' id='word_1_162' title='bbox 15 2078 19 2084; x_wconf 92' lang='lat'>·</span> <span class='ocrx_word' id='word_1_163' title='bbox 123 2050 314 2119; x_wconf 83' lang='lat' dir='ltr'><strong>Harpyiaeque</strong></span> <span class='ocrx_word' id='word_1_164' title='bbox 332 2049 425 2102; x_wconf 90' lang='lat' dir='ltr'><strong>colunt</strong></span> <span class='ocrx_word' id='word_1_165' title='bbox 443 2048 520 2114; x_wconf 83' lang='lat' dir='ltr'><strong>aliae,</strong></span> <span class='ocrx_word' id='word_1_166' title='bbox 539 2045 651 2098; x_wconf 89' lang='lat' dir='ltr'><strong>Phineia</strong></span> <span class='ocrx_word' id='word_1_167' title='bbox 669 2047 815 2112; x_wconf 85' lang='lat' dir='ltr'><strong>postquam</strong></span> 
     </span>
    </p>
   </div>
   <div class='ocr_carea' id='block_1_7' title="bbox 121 2120 973 2562">
    <p class='ocr_par' dir='ltr' id='par_1_10' title="bbox 121 2120 867 2265">
     <span class='ocr_line' id='line_1_27' title="bbox 122 2120 867 2192; baseline -0.009 -12"><span class='ocrx_word' id='word_1_168' title='bbox 122 2126 220 2180; x_wconf 86' lang='lat' dir='ltr'><strong>Clausa</strong></span> <span class='ocrx_word' id='word_1_169' title='bbox 237 2125 341 2192; x_wconf 83' lang='lat' dir='ltr'><strong>domus,</strong></span> <span class='ocrx_word' id='word_1_170' title='bbox 359 2140 521 2192; x_wconf 88' lang='lat' dir='ltr'><strong>mensasque</strong></span> <span class='ocrx_word' id='word_1_171' title='bbox 539 2127 616 2175; x_wconf 89' lang='lat' dir='ltr'><strong>metu</strong></span> <span class='ocrx_word' id='word_1_172' title='bbox 633 2121 737 2189; x_wconf 89' lang='lat' dir='ltr'><strong>liquere</strong></span> <span class='ocrx_word' id='word_1_173' title='bbox 755 2120 867 2188; x_wconf 89' lang='lat' dir='ltr'><strong>priores.</strong></span> 
     </span>
     <span class='ocr_line' id='line_1_28' title="bbox 121 2197 842 2265; baseline -0.007 -10"><span class='ocrx_word' id='word_1_174' title='bbox 121 2202 237 2257; x_wconf 79' lang='lat' dir='ltr'><strong>Tristius</strong></span> <span class='ocrx_word' id='word_1_175' title='bbox 255 2202 329 2256; x_wconf 92' lang='lat' dir='ltr'><strong>haud</strong></span> <span class='ocrx_word' id='word_1_176' title='bbox 346 2201 400 2254; x_wconf 90' lang='lat' dir='ltr'><strong>illis</strong></span> <span class='ocrx_word' id='word_1_177' title='bbox 418 2207 578 2265; x_wconf 87' lang='lat' dir='ltr'><strong>monstrum,</strong></span> <span class='ocrx_word' id='word_1_178' title='bbox 596 2215 647 2252; x_wconf 91' lang='lat' dir='ltr'><strong>nec</strong></span> <span class='ocrx_word' id='word_1_179' title='bbox 666 2197 770 2250; x_wconf 77' lang='lat' dir='ltr'><strong>saesior</strong></span> <span class='ocrx_word' id='word_1_180' title='bbox 786 2197 842 2250; x_wconf 86' lang='lat' dir='ltr'><strong>ulla</strong></span> 
     </span>
    </p>

    <p class='ocr_par' dir='ltr' id='par_1_11' title="bbox 122 2273 973 2498">
     <span class='ocr_line' id='line_1_29' title="bbox 122 2273 973 2344; baseline -0.007 -12"><span class='ocrx_word' id='word_1_181' title='bbox 122 2278 212 2333; x_wconf 85' lang='lat' dir='ltr'><strong>Pestis</strong></span> <span class='ocrx_word' id='word_1_182' title='bbox 229 2284 258 2334; x_wconf 91' lang='lat' dir='ltr'><strong>et</strong></span> <span class='ocrx_word' id='word_1_183' title='bbox 275 2279 316 2332; x_wconf 85' lang='lat' dir='ltr'><strong>ira</strong></span> <span class='ocrx_word' id='word_1_184' title='bbox 333 2277 415 2332; x_wconf 89' lang='lat' dir='ltr'><strong>doum</strong></span> <span class='ocrx_word' id='word_1_185' title='bbox 434 2277 535 2344; x_wconf 83' lang='lat' dir='ltr'><strong>Stygiis</strong></span> <span class='ocrx_word' id='word_1_186' title='bbox 553 2293 612 2328; x_wconf 86' lang='lat' dir='ltr'><strong>sesc</strong></span> <span class='ocrx_word' id='word_1_187' title='bbox 630 2273 730 2328; x_wconf 88' lang='lat' dir='ltr'><strong>extulit</strong></span> <span class='ocrx_word' id='word_1_188' title='bbox 747 2273 835 2328; x_wconf 90' lang='lat' dir='ltr'><strong>undis.</strong></span> <span class='ocrx_word' id='word_1_189' title='bbox 937 2287 973 2327; x_wconf 77' lang='lat'><strong>215</strong></span> 
     </span>
     <span class='ocr_line' id='line_1_30' title="bbox 122 2349 813 2424; baseline -0.012 -15"><span class='ocrx_word' id='word_1_190' title='bbox 122 2355 244 2424; x_wconf 86' lang='lat' dir='ltr'><strong>Virginei</strong></span> <span class='ocrx_word' id='word_1_191' title='bbox 262 2355 400 2408; x_wconf 90' lang='lat' dir='ltr'><strong>volucrum</strong></span> <span class='ocrx_word' id='word_1_192' title='bbox 418 2353 516 2419; x_wconf 83' lang='lat' dir='ltr'><strong>voltus,</strong></span> <span class='ocrx_word' id='word_1_193' title='bbox 534 2351 692 2404; x_wconf 83' lang='lat' dir='ltr'><strong>foedissima</strong></span> <span class='ocrx_word' id='word_1_194' title='bbox 709 2349 813 2402; x_wconf 83' lang='lat' dir='ltr'><strong>ventris</strong></span> 
     </span>
     <span class='ocr_line' id='line_1_31' title="bbox 122 2425 842 2498; baseline -0.014 -12"><span class='ocrx_word' id='word_1_195' title='bbox 122 2432 269 2498; x_wconf 87' lang='lat' dir='ltr'><strong>Proluvics‚</strong></span> <span class='ocrx_word' id='word_1_196' title='bbox 287 2446 428 2497; x_wconf 86' lang='lat' dir='ltr'><strong>uncaeque</strong></span> <span class='ocrx_word' id='word_1_197' title='bbox 446 2445 549 2494; x_wconf 81' lang='lat' dir='ltr'><strong>manus,</strong></span> <span class='ocrx_word' id='word_1_198' title='bbox 568 2432 598 2480; x_wconf 95' lang='lat' dir='ltr'><strong>ct</strong></span> <span class='ocrx_word' id='word_1_199' title='bbox 615 2425 716 2495; x_wconf 88' lang='lat' dir='ltr'><strong>pallida</strong></span> <span class='ocrx_word' id='word_1_200' title='bbox 734 2440 842 2487; x_wconf 89' lang='lat' dir='ltr'><strong>semper</strong></span> 
     </span>
    </p>

    <p class='ocr_par' dir='ltr' id='par_1_12' title="bbox 122 2507 273 2562">
     <span class='ocr_line' id='line_1_32' title="bbox 122 2507 273 2562; baseline -0.013 0"><span class='ocrx_word' id='word_1_201' title='bbox 122 2507 178 2562; x_wconf 86' lang='lat' dir='ltr'><strong>Ora</strong></span> <span class='ocrx_word' id='word_1_202' title='bbox 195 2509 273 2562; x_wconf 88' lang='lat' dir='ltr'><strong>farne.</strong></span> 
     </span>
    </p>
   </div>
   <div class='ocr_carea' id='block_1_8' title="bbox 123 2580 973 2728">
    <p class='ocr_par' dir='ltr' id='par_1_13' title="bbox 123 2580 973 2728">
     <span class='ocr_line' id='line_1_33' title="bbox 123 2580 729 2651; baseline -0.013 -13"><span class='ocrx_word' id='word_1_203' title='bbox 123 2585 185 2638; x_wconf 90' lang='lat' dir='ltr'><strong>Huc</strong></span> <span class='ocrx_word' id='word_1_204' title='bbox 202 2585 248 2638; x_wconf 93' lang='lat' dir='ltr'><strong>ubi</strong></span> <span class='ocrx_word' id='word_1_205' title='bbox 267 2583 351 2638; x_wconf 87' lang='lat' dir='ltr'><strong>delati</strong></span> <span class='ocrx_word' id='word_1_206' title='bbox 368 2584 464 2651; x_wconf 89' lang='lat' dir='ltr'><strong>portus</strong></span> <span class='ocrx_word' id='word_1_207' title='bbox 481 2580 648 2642; x_wconf 89' lang='lat' dir='ltr'><strong>intravimus,</strong></span> <span class='ocrx_word' id='word_1_208' title='bbox 666 2593 729 2632; x_wconf 86' lang='lat' dir='ltr'><strong>ecee</strong></span> 
     </span>
     <span class='ocr_line' id='line_1_34' title="bbox 123 2653 973 2728; baseline -0.009 -14"><span class='ocrx_word' id='word_1_209' title='bbox 123 2661 209 2716; x_wconf 85' lang='lat' dir='ltr'><strong>Laeta</strong></span> <span class='ocrx_word' id='word_1_210' title='bbox 226 2661 308 2714; x_wconf 89' lang='lat' dir='ltr'><strong>bourn</strong></span> <span class='ocrx_word' id='word_1_211' title='bbox 325 2658 426 2728; x_wconf 86' lang='lat' dir='ltr'><strong>passim</strong></span> <span class='ocrx_word' id='word_1_212' title='bbox 446 2656 548 2723; x_wconf 87' lang='lat' dir='ltr'><strong>campis</strong></span> <span class='ocrx_word' id='word_1_213' title='bbox 566 2657 691 2708; x_wconf 78' lang='lat' dir='ltr'><strong>armenta</strong></span> <span class='ocrx_word' id='word_1_214' title='bbox 708 2653 833 2706; x_wconf 90' lang='lat' dir='ltr'><strong>videmus</strong></span> <span class='ocrx_word' id='word_1_215' title='bbox 938 2664 973 2706; x_wconf 78' lang='lat' dir='ltr'><strong>aaa</strong></span> 
     </span>
    </p>
   </div>
   <div class='ocr_carea' id='block_1_9' title="bbox 123 2727 974 3265">
    <p class='ocr_par' dir='ltr' id='par_1_14' title="bbox 123 2727 872 2880">
     <span class='ocr_line' id='line_1_35' title="bbox 123 2727 872 2807; baseline -0.012 -15"><span class='ocrx_word' id='word_1_216' title='bbox 123 2738 360 2807; x_wconf 81' lang='lat' dir='ltr'><strong>Caprigcnnmque</strong></span> <span class='ocrx_word' id='word_1_217' title='bbox 377 2749 460 2803; x_wconf 91' lang='lat' dir='ltr'><strong>pocus</strong></span> <span class='ocrx_word' id='word_1_218' title='bbox 478 2732 551 2785; x_wconf 93' lang='lat' dir='ltr'><strong>nullo</strong></span> <span class='ocrx_word' id='word_1_219' title='bbox 570 2729 684 2784; x_wconf 88' lang='lat' dir='ltr'><strong>custode</strong></span> <span class='ocrx_word' id='word_1_220' title='bbox 701 2745 750 2798; x_wconf 93' lang='lat' dir='ltr'><strong>per</strong></span> <span class='ocrx_word' id='word_1_221' title='bbox 767 2727 872 2783; x_wconf 84' lang='lat' dir='ltr'><strong>herbas</strong></span> 
     </span>
     <span class='ocr_line' id='line_1_36' title="bbox 123 2809 809 2880; baseline -0.013 -13"><span class='ocrx_word' id='word_1_222' title='bbox 123 2815 261 2867; x_wconf 86' lang='lat' dir='ltr'><strong>Inruimus</strong></span> <span class='ocrx_word' id='word_1_223' title='bbox 278 2813 360 2880; x_wconf 84' lang='lat' dir='ltr'><strong>ferro,</strong></span> <span class='ocrx_word' id='word_1_224' title='bbox 378 2814 407 2865; x_wconf 91' lang='lat' dir='ltr'><strong>ct</strong></span> <span class='ocrx_word' id='word_1_225' title='bbox 426 2810 504 2862; x_wconf 89' lang='lat' dir='ltr'><strong>divos</strong></span> <span class='ocrx_word' id='word_1_226' title='bbox 522 2809 666 2876; x_wconf 88' lang='lat' dir='ltr'><strong>ipsumque</strong></span> <span class='ocrx_word' id='word_1_227' title='bbox 684 2821 809 2860; x_wconf 86' lang='lat' dir='ltr'><strong>vocamus</strong></span> 
     </span>
    </p>

    <p class='ocr_par' dir='ltr' id='par_1_15' title="bbox 123 2882 910 3034">
     <span class='ocr_line' id='line_1_37' title="bbox 124 2882 888 2960; baseline -0.01 -16"><span class='ocrx_word' id='word_1_228' title='bbox 124 2891 157 2944; x_wconf 94' lang='lat' dir='ltr'><strong>In</strong></span> <span class='ocrx_word' id='word_1_229' title='bbox 175 2895 282 2960; x_wconf 83' lang='lat' dir='ltr'><strong>partem</strong></span> <span class='ocrx_word' id='word_1_230' title='bbox 300 2888 484 2958; x_wconf 84' lang='lat' dir='ltr'><strong>praedamque</strong></span> <span class='ocrx_word' id='word_1_231' title='bbox 504 2885 613 2948; x_wconf 81' lang='lat' dir='ltr'><strong>Ierem3</strong></span> <span class='ocrx_word' id='word_1_232' title='bbox 631 2886 690 2936; x_wconf 89' lang='lat' dir='ltr'><strong>tum</strong></span> <span class='ocrx_word' id='word_1_233' title='bbox 709 2882 789 2936; x_wconf 90' lang='lat' dir='ltr'><strong>litore</strong></span> <span class='ocrx_word' id='word_1_234' title='bbox 806 2898 888 2936; x_wconf 83' lang='lat' dir='ltr'><strong>curvo</strong></span> 
     </span>
     <span class='ocr_line' id='line_1_38' title="bbox 123 2957 910 3034; baseline -0.011 -14"><span class='ocrx_word' id='word_1_235' title='bbox 123 2967 348 3034; x_wconf 83' lang='lat' dir='ltr'><strong>Exstrnimusque</strong></span> <span class='ocrx_word' id='word_1_236' title='bbox 366 2969 440 3018; x_wconf 88' lang='lat' dir='ltr'><strong>toros</strong></span> <span class='ocrx_word' id='word_1_237' title='bbox 459 2960 631 3030; x_wconf 86' lang='lat' dir='ltr'><strong>dapibusque</strong></span> <span class='ocrx_word' id='word_1_238' title='bbox 649 2957 790 3028; x_wconf 85' lang='lat' dir='ltr'><strong>epulamur</strong></span> <span class='ocrx_word' id='word_1_239' title='bbox 808 2959 910 3027; x_wconf 91' lang='lat' dir='ltr'><strong>opimis.</strong></span> 
     </span>
    </p>

    <p class='ocr_par' dir='ltr' id='par_1_16' title="bbox 123 3034 974 3265">
     <span class='ocr_line' id='line_1_39' title="bbox 124 3034 974 3106; baseline -0.014 -8"><span class='ocrx_word' id='word_1_240' title='bbox 124 3046 164 3098; x_wconf 86' lang='lat' dir='ltr'><strong>At</strong></span> <span class='ocrx_word' id='word_1_241' title='bbox 182 3044 288 3098; x_wconf 88' lang='lat' dir='ltr'><strong>subitae</strong></span> <span class='ocrx_word' id='word_1_242' title='bbox 305 3041 431 3096; x_wconf 87' lang='lat' dir='ltr'><strong>horrifico</strong></span> <span class='ocrx_word' id='word_1_243' title='bbox 449 3039 526 3106; x_wconf 87' lang='lat' dir='ltr'><strong>lapsu</strong></span> <span class='ocrx_word' id='word_1_244' title='bbox 544 3037 579 3092; x_wconf 90' lang='lat' dir='ltr'><strong>de</strong></span> <span class='ocrx_word' id='word_1_245' title='bbox 598 3035 734 3090; x_wconf 90' lang='lat' dir='ltr'><strong>montibus</strong></span> <span class='ocrx_word' id='word_1_246' title='bbox 752 3034 853 3088; x_wconf 91' lang='lat' dir='ltr'><strong>adsunt</strong></span> <span class='ocrx_word' id='word_1_247' title='bbox 939 3045 974 3086; x_wconf 70' lang='lat' dir='ltr'><strong>aaa</strong></span> 
     </span>
     <span class='ocr_line' id='line_1_40' title="bbox 124 3111 847 3189; baseline -0.015 -14"><span class='ocrx_word' id='word_1_248' title='bbox 124 3120 262 3189; x_wconf 77' lang='lat' dir='ltr'><strong>Harpyiae</strong></span> <span class='ocrx_word' id='word_1_249' title='bbox 280 3125 308 3174; x_wconf 92' lang='lat' dir='ltr'><strong>et</strong></span> <span class='ocrx_word' id='word_1_250' title='bbox 326 3117 430 3186; x_wconf 91' lang='lat' dir='ltr'><strong>magnis</strong></span> <span class='ocrx_word' id='word_1_251' title='bbox 448 3116 575 3185; x_wconf 88' lang='lat' dir='ltr'><strong>quatiunt</strong></span> <span class='ocrx_word' id='word_1_252' title='bbox 594 3112 765 3182; x_wconf 86' lang='lat' dir='ltr'><strong>clangoribus</strong></span> <span class='ocrx_word' id='word_1_253' title='bbox 783 3111 847 3178; x_wconf 91' lang='lat' dir='ltr'><strong>alas,</strong></span> 
     </span>
     <span class='ocr_line' id='line_1_41' title="bbox 123 3186 854 3265; baseline -0.011 -15"><span class='ocrx_word' id='word_1_254' title='bbox 123 3195 317 3265; x_wconf 88' lang='lat' dir='ltr'><strong>Diripiuutque</strong></span> <span class='ocrx_word' id='word_1_255' title='bbox 335 3196 419 3264; x_wconf 87' lang='lat' dir='ltr'><strong>dapes</strong></span> <span class='ocrx_word' id='word_1_256' title='bbox 436 3196 618 3262; x_wconf 89' lang='lat' dir='ltr'><strong>contactuque</strong></span> <span class='ocrx_word' id='word_1_257' title='bbox 635 3190 725 3244; x_wconf 87' lang='lat' dir='ltr'><strong>omnia</strong></span> <span class='ocrx_word' id='word_1_258' title='bbox 742 3186 854 3242; x_wconf 87' lang='lat' dir='ltr'><strong>foedant</strong></span> 
     </span>
    </p>
   </div>
   <div class='ocr_carea' id='block_1_10' title="bbox 0 0 1144 3568">
    <p class='ocr_par' dir='ltr' id='par_1_17' title="bbox 0 0 1144 3568">
     <span class='ocr_line' id='line_1_42' title="bbox 0 0 1144 3568; baseline 0 0"><span class='ocrx_word' id='word_1_259' title='bbox 0 0 1144 3568; x_wconf 95' lang='lat' dir='ltr'><strong> </strong></span> 
     </span>
    </p>
   </div>
  </div>
 </body>
</html>
