2266 3562
425 187 630 237 GEORGICON
649 191 718 240 LIB.
738 191 760 240 1.
993 190 1023 236 31

166 265 221 321 Fas
239 270 268 320 et
286 266 346 318 iura
363 265 469 320 siuunt:
490 267 562 320 rivos
580 268 717 324 deducere
734 270 810 324 nulla

166 343 271 410 Religio
290 343 386 410 vetuit,
405 344 491 411 segeti
510 345 692 412 praetendere
710 363 828 415 saepem,
989 361 1026 402 270

166 417 282 472 Insidias
301 418 396 472 avibus
414 420 511 487 moliri,
529 421 676 475 incendere
695 439 800 492 vepres,

165 495 367 564 Balantumque
385 512 497 563 gregem
516 497 598 550 fluvio
617 515 737 552 mersare
757 499 868 552 salubri.

165 572 253 641 Saepe
272 571 331 626 oleo
350 572 423 626 tardi
442 580 532 628 castras
550 575 669 642 agitator
687 575 763 629 aselli

168 649 272 704 Vilibus
292 654 339 704 aut
358 654 455 703 onerat
473 651 568 718 porris,
587 651 761 720 lapidemque
779 657 921 706 revertens

166 728 294 781 Incusum
314 731 361 780 aut
379 735 456 780 atrae
474 717 590 780 mass'am
609 728 675 796 picis
693 727 761 782 urbe
780 731 910 797 reportat.
987 741 1024 782 27⁵

200 803 265 871 Ipsa
283 802 343 855 dios
361 801 427 855 alios
446 803 498 855 alio
517 803 596 856 dedit
614 803 709 857 ordine
729 805 804 858 Luna

166 879 263 932 Felicis
282 894 403 947 operum.
443 878 570 943 Quintam
591 880 668 948 luge:
689 880 805 948 pallidus
824 879 910 934 Orcus

166 954 383 1023 Eumenidesque
403 960 494 1020 satae;
516 960 574 1008 tum
593 961 675 1025 partu
694 957 778 1010 Terra
796 956 914 1010 nefando

165 1030 320 1099 Coeumque
340 1032 522 1100 Iapetumque
541 1038 624 1098 creat,
643 1049 808 1102 saevumque
827 1032 960 1101 Typhoea,

166 1107 201 1160 llt
219 1107 373 1160 coniuratos
392 1108 496 1161 caelum
515 1109 669 1162 rescindere
688 1109 794 1163 fratres.
983 1123 1022 1162 280

164 1183 217 1236 Ter
235 1188 298 1237 sarrit
316 1183 406 1236 conati
423 1184 554 1252 inponere
574 1185 650 1239 Pelio
669 1185 766 1239 Ossam

164 1260 277 1323 Scilicet,
296 1262 380 1328 atque
400 1260 485 1313 Ossae
503 1261 662 1316 frondesmn
679 1261 816 1316 involvere
835 1260 994 1329 Olympum3

164 1336 218 1390 Ter
236 1336 320 1390 Pater
338 1340 493 1390 exstructos
512 1337 618 1392 disiecit
634 1338 749 1394 fulmine
766 1338 873 1391 montis.

165 1412 296 1480 Septuma
314 1416 376 1490 post
395 1412 537 1466 decumam
555 1414 621 1468 felix
640 1419 669 1468 et
688 1431 789 1484 ponere
808 1415 899 1478 vitem,

165 1488 201 1543 la
219 1505 332 1557 prensos
350 1488 484 1542 domitare
502 1489 592 1559 boves,
611 1495 640 1545 et
657 1491 718 1545 licia
736 1491 808 1544 telae
982 1503 1019 1542 ass

165 1564 295 1630 Addere;
317 1582 388 1618 nona
405 1566 485 1633 fugae
503 1567 605 1634 melior,
625 1568 761 1622 contraria
778 1567 866 1619 furtis.

199 1641 288 1695 Mults
306 1640 375 1695 adeo
393 1641 483 1708 gelida
500 1643 598 1696 melius
616 1661 645 1698 se
663 1647 742 1696 noete
761 1643 870 1710 dedere,

164 1720 223 1772 Aut
242 1734 302 1772 cum
321 1717 376 1770 sole
394 1733 464 1771 novo
482 1722 570 1772 terras
587 1721 691 1774 inrorat
712 1719 790 1772 Eous.

164 1795 252 1849 Nocte
270 1795 344 1849 leves
361 1795 458 1849 molius
477 1796 599 1864 stipulae,
618 1801 697 1850 nocte
716 1796 793 1849 arida
810 1799 890 1863 prata

164 1870 336 1934 'Pendentem
357 1875 450 1924 noctes
469 1871 559 1924 lentus
577 1889 629 1926 non
649 1873 742 1926 deficit
761 1872 863 1924 liurner.

164 1947 199 2001 Et
218 1947 328 2018 quidam
348 1963 423 2000 seros
440 1946 546 2000 hiberni
564 1948 600 2000 ad
618 1949 727 2002 luminis
744 1949 813 2016 ignis

166 2023 319 2092 l’ervigilat
337 2024 463 2094 ferroque
482 2024 555 2077 faces
573 2025 688 2094 inspicat
706 2031 801 2089 aerito;

165 2099 275 2154 Interea
292 2100 402 2168 longum
421 2104 503 2154 cantu
522 2102 609 2156 solata
627 2102 748 2156 laborem

164 2179 273 2244 Arguto
291 2177 406 2230 coniunx
427 2178 561 2244 percurrit
580 2179 688 2246 pectine
706 2179 782 2243 telas,

165 2256 223 2306 Aut
241 2252 326 2306 dulcis
345 2253 428 2307 musti
449 2253 568 2306 Volcano
587 2254 715 2322 decoquit
733 2254 873 2308 humorem

165 2327 200 2382 ut
217 2329 286 2382 loliis
304 2329 405 2382 undam
424 2329 527 2400 trepidi
546 2331 690 2398 despumat
708 2331 776 2385 aeni.

166 2407 205 2459 At
223 2405 373 2459 rubicunda
393 2406 476 2459 Ceres
495 2406 585 2460 medio
605 2407 753 2460 succiditur
770 2411 856 2473 aestu,

165 2483 200 2536 ltt
217 2480 306 2535 medio
325 2487 411 2536 tostm
431 2487 510 2537 aestu
529 2484 595 2537 terit
613 2500 677 2537 area
695 2484 795 2551 fruges.

164 2557 260 2612 Nudus
278 2575 332 2626 ara,
351 2577 412 2613 sere
432 2559 538 2624 nudus;
558 2560 664 2630 hiemps
683 2561 781 2629 ignava
798 2560 898 2614 colono.

163 2633 320 2702 Frigoribus
339 2641 418 2705 parto
437 2637 570 2704 agricolae
589 2637 751 2708 plerumque
768 2637 904 2704 fruuntur,

162 2710 313 2781 Mutuaque
332 2715 405 2768 inter
423 2731 452 2767 se
471 2713 535 2766 laeti
555 2715 675 2768 convivia
693 2718 805 2778 curant;

163 2787 265 2841 Invitat
283 2790 394 2857 genialis
413 2789 517 2858 menips
537 2807 670 2860 curasque
691 2790 814 2844 resolvit:

162 2863 219 2918 Ceu
237 2881 346 2933 pressae
364 2883 425 2923 cum
443 2867 497 2922 iam
515 2871 625 2935 portum
644 2869 762 2935 tetigere
780 2867 894 2934 carinae,

164 2939 303 3008 Puppibus
323 2946 351 2998 et
368 2943 434 2999 laeti
452 2948 553 2997 nautae
571 2945 716 3012 inposuere
735 2961 852 2998 coronas.

163 3015 218 3069 Sed
230 3019 323 3070 tamen
336 3023 365 3072 et
377 3037 495 3086 quernas
505 3021 621 3087 glandes
633 3024 692 3074 tum
706 3021 841 3087 stringere
853 3023 963 3090 tempus
981 3035 1017 3074 acc

163 3091 200 3144 llt
217 3091 285 3148 lauri
304 3092 384 3146 bacas
403 3095 544 3162 oleamque
563 3099 731 3166 cruentaque
750 3101 854 3164 myrta;

162 3167 231 3222 'ram
249 3169 363 3234 gruibus
381 3171 491 3240 pedicas
510 3177 538 3225 et
557 3172 628 3226 retia
645 3188 748 3240 ponere
766 3173 860 3238 cervis,

163 3235 332 3309 tuumque
350 3241 426 3310 sequi
445 3241 567 3310 leporem
588 3244 647 3296 tum
667 3241 751 3310 figere
770 3240 900 3309 dammas,
