2268 3570
396 167 576 216 AENEIDOS
594 170 662 217 LJB.
683 171 732 219 XI.
955 175 999 222 291

186 248 229 302 Sic
248 247 288 301 ait
306 248 478 302 inlacrimans
497 249 649 316 recipitque
668 251 703 303 ad
722 253 815 308 limina
832 270 964 323 gressum,

148 324 252 393 Corpus
271 324 319 377 ubi
338 325 455 378 exanimi
475 325 594 393 positum
614 326 745 382 Pallantis
765 331 884 384 Acoetes
978 344 1002 383 so

148 401 282 454 Servabat
301 402 397 468 senior,
417 402 463 469 qui
485 402 629 454 Parrhasio
649 404 776 458 Erumdrc

149 477 278 544 Armiger
296 481 360 530 ante
379 478 439 544 fuit,
460 478 508 530 sed
527 495 578 530 11011
600 480 723 534 felicibus
742 499 829 550 aequo

147 554 215 606 Tum
234 571 323 608 comes
343 556 469 623 auspiciis
488 573 550 608 caro
569 555 650 610 datus
668 557 727 611 ibat
747 559 862 611 alumno.

148 631 256 684 (lircum
275 633 362 684 omnis
380 633 566 701 famulumque
585 649 680 686 manus
699 634 868 702 Troianaque
886 635 969 688 turbu

148 707 183 760 llt
201 713 334 762 maestum
355 707 456 762 Iliades
475 709 577 762 crinem
596 709 631 762 de
649 727 725 763 more
743 711 855 764 solutae.
977 728 1000 764 as

149 785 186 838 Ut
204 802 268 838 vero
288 788 397 839 Aeneas
415 785 518 838 foribus
537 803 597 839 sese
616 786 710 840 intulit
728 787 799 852 altis,

150 861 291 928 Ingentem
310 863 444 929 gemitum
462 862 550 915 tunsis
568 863 605 916 ad
623 863 715 916 sidera
732 863 832 916 mlluut

149 937 313 1002 Pectoribus,
333 943 491 1008 maestoque
510 939 630 1007 inmugit
650 940 726 1007 regia
744 939 826 993 luctu.

149 1014 218 1082 Ipse,
236 1021 318 1084 caput
337 1015 408 1068 uivei
427 1015 525 1068 fultum
547 1015 678 1069 Pallantis
697 1020 726 1069 et
745 1032 792 1068 ora

149 1089 186 1144 Ut
204 1091 273 1144 vidit
291 1091 399 1160 levique
417 1095 514 1160 pateus
534 1092 561 1144 iu
580 1096 690 1160 pectere
710 1093 805 1145 volnus
976 1105 1000 1142 so

147 1166 273 1235 Cuspidis
292 1169 437 1235 Ausoniae,
455 1168 573 1221 lacrimis
592 1169 630 1221 ita
648 1168 723 1222 fatur
740 1168 858 1221 obortis:

148 1240 226 1308 Tene,
245 1244 341 1312 iuquit,
361 1244 514 1297 miserande
532 1261 609 1312 puer,
627 1261 688 1297 cum
707 1245 780 1298 laeta
798 1243 912 1309 ueniret,

148 1318 251 1373 invidit
272 1320 393 1374 Fortuna
411 1320 484 1385 mihi,
502 1338 537 1374 ue
554 1337 640 1388 regna
659 1321 766 1374 videres

148 1394 255 1462 Nostra,
274 1413 362 1464 neque
381 1397 417 1450 ad
436 1397 516 1450 sedes
536 1397 623 1450 victor
642 1398 772 1451 veherere
790 1399 935 1466 paternas?

148 1472 208 1526 Nou
227 1472 300 1526 haee'
313 1473 441 1526 Euandro
460 1473 495 1526 de
515 1477 542 1526 te
562 1475 695 1541 promissa
713 1473 821 1542 parenti
984 1490 1002 1527 u

147 1547 297 1602 Discedens
316 1547 454 1616 dederam,
474 1565 535 1602 cum
554 1565 598 1602 mc
616 1549 764 1617 conplexus
783 1551 893 1600 euntem

146 1622 273 1678 Mitteret
291 1625 319 1676 iu
337 1641 465 1692 maguum
484 1625 628 1692 inperium,
649 1630 828 1691 metuensque
846 1628 970 1677 moueret

148 1700 227 1752 Acris
245 1717 304 1753 essc
322 1701 401 1765 uiros,
421 1717 481 1753 cum
501 1700 571 1752 dura
588 1701 692 1768 proelia
709 1704 799 1768 geute.

147 1775 183 1828 lit
201 1793 271 1829 nuuc
289 1777 334 1830 illo
353 1777 464 1844 quidem
483 1794 530 1844 spe
549 1776 665 1830 multum
684 1780 780 1844 captus
799 1776 871 1827 inani

147 1852 215 1905 Fors
233 1857 262 1906 et
280 1858 343 1906 vota
361 1853 434 1920 facit,
453 1853 627 1920 cumulatque
646 1853 744 1906 altaria
763 1852 855 1916 douis3
976 1867 999 1904 so

148 1929 204 1980 Nos
222 1929 346 1982 iuvenem
365 1929 519 1982 exanimum
538 1933 567 1982 et
585 1929 621 1982 nil
640 1929 693 1982 iam
712 1927 875 1983 caelestibus
894 1927 957 1980 ullis

148 2005 302 2058 Debentem
321 2021 390 2058 vano
409 2005 504 2060 maesti
525 2006 686 2059 comitamur
704 2005 813 2058 honore.

149 2081 254 2146 Infelix,
273 2081 330 2134 uati
348 2081 429 2132 fuuus
448 2081 558 2134 crudele
578 2081 697 2134 videbis!

149 2157 186 2210 Hi
204 2157 289 2210 nostri
306 2156 419 2220 reditus,
440 2157 646 2224 exspectatique
665 2157 813 2225 triumphil

148 2234 224 2287 Haec
236 2251 296 2288 mea
309 2249 407 2300 magna
420 2232 505 2285 fidcsl
519 2233 559 2284 At
571 2249 631 2297 nou,
647 2233 782 2300 Euandre,
796 2233 933 2300 pudendis
976 2250 999 2287 ss

148 2310 311 2362 Volneribus
330 2308 437 2377 pulsum
457 2308 588 2376 aspicics;
607 2325 655 2361 uec
675 2308 776 2376 sospite
795 2308 885 2360 dirum

147 2385 262 2454 Optabis
281 2389 345 2440 nato
363 2385 444 2437 funus
462 2388 549 2453 pater.
588 2385 642 2438 Hei
661 2385 735 2451 mihi,
755 2389 886 2453 quantum

148 2462 318 2516 Praesidium
342 2461 460 2514 Ausonia
480 2465 508 2514 et
526 2465 658 2530 quantum
679 2465 712 2514 tu·
728 2461 829 2531 perdis,
851 2461 923 2514 lule!

182 2539 258 2590 Haec
277 2537 323 2590 ubi
342 2537 461 2602 defleuit,
481 2537 540 2590 tolli
559 2537 714 2591 miserabile
733 2554 829 2604 corpus

149 2615 268 2682 inperat,
287 2617 315 2667 et
333 2617 392 2666 toto
410 2613 495 2668 lectos
514 2631 548 2668 ex
567 2614 674 2681 agmine
693 2613 780 2666 mittit
974 2620 999 2660 ⁶⁰

147 2689 222 2744 Mille
240 2689 319 2755 viros,
338 2690 385 2756 qui
404 2707 559 2758 supremum
579 2690 744 2744 comitentur
761 2689 899 2756 honorem,

149 2765 336 2832 intersintque
354 2766 440 2832 patris
459 2765 583 2828 lacrimis,
604 2765 699 2819 solatia
717 2766 806 2820 luctus

149 2841 250 2908 Exigua
268 2840 393 2908 ingentis,
413 2841 511 2895 misero
531 2841 580 2894 sed
598 2842 692 2895 debita
711 2842 789 2910 patri.

148 2917 231 2972 Haud
250 2933 346 2984 segnes
365 2915 410 2968 alii
430 2917 511 2969 cratis
530 2920 558 2970 et
577 2918 657 2970 molle
676 2917 808 2970 feretrum

149 2993 280 3047 Arbuteis
299 2995 397 3045 texunt
416 2991 499 3059 virgis
518 2995 546 3046 et
564 2993 664 3046 vimine
685 3010 796 3062 querno,
975 3009 998 3048 ot

149 3071 366 3136 Exstructosque
385 3071 460 3120 toros
479 3067 594 3121 obtentu
612 3070 716 3122 frondis
735 3069 900 3122 inumbrant.
976 3107 978 3112 -

145 3147 201 3202 Hic
219 3147 343 3199 iuvenem
362 3144 465 3214 agresti
485 3144 627 3200 sublimem
647 3146 775 3199 stramine
793 3151 910 3212 ponunt:

147 3222 259 3290 Qualem
279 3223 400 3290 virgineo
420 3220 573 3274 demessum
593 3221 689 3290 pollice
708 3220 802 3275 florem

207 3299 237 3349 23
