2262 3574
125 176 154 220 44
360 175 389 223 P.
410 174 565 224 VERGILI
584 177 713 224 MARON
719 177 751 225 IS

123 252 196 305 Rara
216 252 252 305 sit
271 269 305 306 an
324 269 407 321 supra
425 271 530 308 morem
550 255 573 308 si
591 255 679 310 densa
696 259 828 325 requires,

118 329 222 390 Altera
240 328 385 383 frumentis
403 331 531 400 quoniam
550 332 632 400 favet,
652 333 740 387 altera
760 334 874 407 Baccho,

122 405 214 460 Densa
232 405 318 474 magis
338 406 440 472 Cereri,
460 409 599 462 rarissima
618 427 744 478 quaeque
767 411 872 479 Lyaeo:

123 485 199 535 Ante
216 483 304 535 locum
322 483 414 550 capies
433 449 525 542 bculis
546 485 585 537 alt
573 488 656 554 teque
676 486 783 540 iubebis
949 506 987 545 aso

123 559 157 612 In
174 559 261 612 solido
280 564 330 628 put
331 576 393 612 eum
413 545 531 626 demitti,
550 578 713 630 omnemque
732 579 847 632 repones

122 636 229 689 Rursus
247 636 367 704 humum,
387 640 415 689 ct
434 637 551 704 pedibus
571 655 690 692 summas
709 639 840 708 aequabis
858 657 962 695 arenas.

122 713 151 766 si
170 713 294 780 deerunt,
314 729 413 779 rarum,
433 714 580 781 pecorique
599 719 627 768 et
645 715 748 769 vitibus
766 717 844 770 almis

122 790 223 856 Aptius
241 788 310 842 uber
329 789 382 842 erit
392 811 399 854 余
418 790 459 841 sin
477 789 505 841 in
525 807 574 843 sua
592 808 672 859 posse
693 792 832 860 negabunt

123 864 168 918 Ire
185 865 244 920 loce
262 869 290 919 et
308 865 449 919 scrobibus
468 867 608 935 superabit
626 870 701 920 terra
719 869 841 938 repletis,
943 887 979 926 aso

121 941 229 1010 Spissus
247 959 327 1010 ager余
344 943 455 1011 glaebas
475 944 629 996 cunctantis
648 961 793 1013 crassaque
811 949 891 1014 terga

122 1018 264 1087 Exspecta,
285 1024 313 1074 et
332 1020 427 1073 validis
445 1024 548 1072 terram
568 1021 711 1088 proscinde
729 1022 854 1074 iuvencis.

121 1093 196 1148 Salsa
214 1099 305 1149 autem
324 1097 406 1150 tellus
425 1101 453 1149 et
472 1112 541 1164 quac
559 1096 721 1164 perhibetur
738 1114 863 1150 amara--

121 1170 259 1238 Frugibus
276 1171 370 1224 infelix
389 1190 428 1234 ea,
446 1189 496 1225 nec
514 1173 678 1227 mansuescit
696 1173 804 1241 arando,

120 1246 145 1298 N
148 1264 178 1300 eo
192 1248 298 1300 Baccho
311 1265 405 1315 genus,
420 1253 468 1301 aut
482 1250 569 1317 pomis
584 1266 632 1302 sua
644 1250 753 1302 nomina
766 1255 887 1304 servat-
944 1269 981 1308 asu

120 1323 183 1377 Tale
202 1324 280 1378 dabit
299 1325 453 1392 specimen:
473 1326 513 1378 Tu
532 1327 619 1394 spisso
639 1326 737 1380 vimine
755 1327 856 1394 qualos,

119 1399 239 1469 Oolaque
257 1401 395 1468 prelorum
415 1401 530 1455 fumosis
549 1401 645 1471 deripe
663 1403 758 1468 tectis余

120 1476 182 1530 Huc
201 1493 266 1544 ager
285 1477 330 1530 ille
349 1478 436 1530 malus
456 1477 640 1546 dulcesquea
659 1478 777 1532 fontibus
796 1479 884 1534 undae

118 1553 165 1605 Ad
183 1553 293 1622 plenum
312 1554 466 1618 calcentur余
485 1571 556 1622 aqua
575 1554 741 1607 eluctabitur
759 1556 846 1608 omnis

118 1628 234 1694 Scilicet,
253 1633 283 1683 et
300 1630 419 1698 grandes
438 1630 518 1683 ibunt
537 1648 585 1698 per
605 1631 707 1682 vimina
725 1635 836 1699 guttam
940 1649 977 1688 aas

118 1707 158 1758 At
177 1723 255 1775 sapor
273 1707 403 1760 indicium
422 1707 503 1760 faciet
522 1709 689 1773 manifestus,
709 1711 738 1760 ot
755 1725 803 1760 ora

116 1781 217 1836 Tristia
235 1787 419 1852 temptantum
438 1801 519 1836 sensu
538 1783 679 1852 torquebit
697 1801 795 1837 amare.

117 1857 229 1926 Pinguis
247 1859 314 1913 item
334 1877 404 1928 quae
423 1861 459 1913 sit
478 1861 567 1925 tellus,
587 1860 637 1912 hoc
657 1860 774 1928 denique
792 1865 871 1928 pacto

116 1931 264 1990 hiscimus:
283 1936 357 1988 haud
376 1953 506 2004 uinquam
525 1936 650 1990 manibus
669 1937 771 1989 iactata
790 1937 898 2004 fatiscit,
1123 1963 1124 2048 q

115 2011 170 2065 Sed
187 2012 256 2080 picis
274 2013 302 2064 in
320 2029 423 2065 morem
442 2013 477 2064 ad
496 2013 596 2080 digitos
615 2012 740 2066 lentescit
758 2011 913 2066 habendo*
940 2031 975 2068 aso

115 2086 238 2141 Humida
256 2089 373 2142 maiores
392 2088 491 2142 herbas
509 2089 565 2156 alit,
584 2090 699 2158 ipsaque
716 2089 789 2142 iusto

115 2163 232 2218 Laetior.
271 2164 316 2218 Ah
335 2165 448 2218 nimium
467 2183 501 2220 ne
521 2166 557 2218 sit
575 2165 641 2217 mihi
660 2165 758 2218 fertilis
777 2165 830 2231 illa,

114 2240 140 2292 N
142 2257 176 2293 eu
194 2257 223 2294 se
241 2241 426 2310 praevalidam
445 2243 539 2310 primis
558 2241 685 2294 ostendat
703 2241 811 2294 aristis!

114 2317 190 2380 Quae
208 2318 299 2384 gravis
318 2321 368 2382 est,
387 2318 446 2385 ipso
464 2319 574 2370 tacitam
595 2333 624 2369 sc
642 2317 763 2386 pondere
782 2316 882 2385 prodit,

114 2391 246 2462 Quaeque
269 2393 346 2447 levis.
384 2394 545 2462 Promptum
569 2398 612 2446 est
636 2393 719 2446 oculis
740 2392 913 2460 praediscere
935 2394 972 2446 ni-

183 2486 270 2536 gram,
937 2485 973 2522 aas

113 2545 148 2599 m
167 2545 228 2614 quis
246 2545 290 2598 cui
308 2545 388 2598 color.
426 2547 466 2599 At
485 2547 646 2600 sceleratum
666 2545 810 2614 exquirere
830 2545 916 2612 frigus

115 2621 227 2675 Difficile
246 2625 305 2676 est:
323 2622 415 2689 piceae
429 2627 536 2676 tantum
555 2625 667 2692 taxique
685 2626 814 2674 nocentes

112 2697 257 2751 interdum
277 2703 326 2752 aut
343 2698 461 2752 hederae
481 2699 604 2768 pandunt
623 2699 738 2765 vestigia
758 2699 857 2765 nigrae.

146 2774 198 2827 His
216 2775 419 2842 animadversis,
439 2780 542 2829 terram
561 2777 647 2828 multo
667 2779 731 2827 ante
750 2777 888 2828 inaniento

113 2850 270 2920 Excoquere
289 2855 318 2904 ct
337 2869 450 2919 magnos
469 2852 610 2906 scrobibus
630 2850 771 2903 concidere
789 2851 897 2914 montis
934 2865 970 2906 aso

111 2928 185 2980 Ante
204 2929 342 2997 supinatas
362 2930 482 2998 aquiloni
500 2927 647 2982 ostendero
665 2926 783 2994 glaebas,

110 3002 197 3066 Quam
215 3005 318 3060 laetum
337 3005 451 3058 infodias
471 3007 533 3058 vitis
551 3021 644 3072 genos.
682 3002 802 3070 Optuma
819 3001 894 3070 putri

110 3079 185 3132 Arva
203 3081 275 3134 solo:
292 3080 322 3133 id
342 3082 417 3134 venti
435 3083 531 3134 curant
548 3079 710 3148 gelidaeque
729 3079 842 3146 pruinae

110 3154 144 3209 llt
162 3157 296 3210 labefacta
314 3174 424 3210 movens
442 3157 570 3210 robustus
588 3156 683 3222 iugera
700 3155 792 3207 fossor.

110 3233 156 3298 At,
174 3233 197 3286 si
216 3250 285 3302 quos
304 3233 377 3285 haud
395 3233 450 3284 ulla
468 3233 541 3284 viros
560 3231 699 3299 vigilantia
716 3229 796 3296 fugit,
932 3246 968 3282 aot
