2268 3570
134 145 181 193 256
367 143 395 191 P.
416 141 567 190 VERGILI
584 141 749 192 MARONIS

135 223 295 292 Inpediunt,
314 223 439 292 fallitque
458 223 541 278 timor
559 223 670 292 regione
688 225 801 278 viarum,

135 299 220 353 Nisus
237 298 311 365 abit3
335 301 443 369 iamque
460 299 611 369 inprudens
628 306 753 355 evaserat
771 301 858 355 hostis

137 376 232 444 Atque
250 375 330 444 locos,
350 376 396 444 qui
414 380 477 445 post
496 375 585 429 Albae
603 376 639 430 de
656 377 765 431 nomine
784 378 852 432 dicti

136 452 246 520 Albani,
265 457 325 508 tum
343 469 392 506 rex
411 452 518 506 stabula
535 453 592 506 alta
610 452 726 507 Latinus
744 453 880 509 habebat:

136 528 177 582 Ut
194 529 282 597 stetit,
298 533 327 583 et
343 529 447 582 frustra
463 528 606 582 absentem
624 530 746 598 respexit
763 531 887 585 amicum.

137 605 254 673 Euryale
272 605 374 674 infelix,
393 622 447 674 qua
465 609 493 660 te
512 606 623 674 regione
642 606 760 674 reliquii
949 624 985 662 aaa

138 681 231 746 Qruave
250 698 356 751 sequar,
374 697 469 735 rursus
487 682 648 751 perplexum
666 682 720 736 iter
738 699 817 736 omne
835 683 976 737 revolvens

138 757 253 811 Faliscis
271 759 373 812 silvael
405 759 490 812 Simul
509 763 538 812 et
556 759 672 826 vestigia
689 763 765 812 retro

138 833 291 888 Observata
309 834 383 902 legit,
403 834 546 904 dumisque
565 835 708 889 silentibus
726 841 808 889 errat.

138 911 228 964 Audit
246 927 338 980 equos,
357 911 436 965 audit
453 912 585 980 strepitus
603 915 633 966 et
651 913 728 980 signa
746 915 917 980 sequentum.

137 987 163 1040 N
165 1004 196 1041 ec
211 989 322 1056 longum
336 989 364 1040 in
380 988 471 1041 medio
487 989 791 1058 tempus,cu1nelamor
806 988 842 1041 ad
854 989 927 1042 auris
947 1003 983 1042 aas

139 1063 276 1132 Pervenit,
288 1082 319 1118 ac
334 1063 410 1118 videt
425 1064 587 1133 Euryalum
609 1082 691 1134 quem
708 1065 763 1118 iam
779 1081 875 1118 manus
889 1063 982 1131 omnis,

139 1141 249 1194 Fraude
266 1141 316 1194 loci
335 1143 365 1194 et
382 1141 477 1209 noctis,
495 1140 586 1194 subito
604 1141 734 1195 turbante
752 1141 879 1204 tumultu,

139 1218 304 1286 Oppressum
322 1217 395 1286 rapit
413 1221 442 1271 et
459 1220 601 1273 conantem
619 1217 737 1286 plurima
754 1217 862 1270 fnrstra.

140 1293 211 1357 Quid
227 1293 326 1346 faciatl
351 1310 405 1361 qua
422 1294 449 1346 vi
466 1294 598 1360 iuvenem,
618 1293 717 1361 quibus
735 1294 836 1347 audeat
853 1294 937 1346 armis

139 1370 270 1439 Eriperel
293 1386 328 1422 an
346 1385 406 1422 sese
424 1369 528 1422 medios
546 1369 695 1423 moriturus
711 1371 739 1422 in
758 1386 836 1424 enses
946 1384 984 1422 ooo

139 1446 250 1504 Inferet.
268 1450 297 1499 et
314 1445 454 1514 pulchram
472 1448 603 1514 properet
620 1462 670 1513 per
687 1446 797 1499 volnera
815 1447 947 1500 morteml

138 1521 220 1575 Ocius
237 1521 356 1575 adducto
374 1525 504 1589 torquens
522 1521 620 1575 hastile
638 1521 748 1591 lacert0,

137 1599 290 1666 &ispiciens
307 1597 391 1652 altam
409 1597 446 1651 ad
465 1598 575 1665 Lunam,
594 1599 633 1652 sic
651 1615 715 1652 voce
732 1602 872 1667 precatur:

137 1674 183 1740 Tu,
201 1674 259 1738 dea,
277 1679 309 1728 tu
327 1691 457 1744 praesens
475 1679 568 1728 nostro
587 1691 714 1728 succurre
732 1674 825 1740 labori,

138 1755 282 1805 Astroruur
302 1752 385 1804 decus
399 1759 427 1804 et
445 1768 585 1804 nemorum
605 1751 720 1804 Latonia
737 1757 843 1814 custos;
947 1767 983 1806 luo

137 1828 165 1881 Si
183 1845 237 1894 qun
255 1829 309 1880 tuis
328 1844 457 1895 tanlquam
475 1844 525 1894 pro
542 1844 586 1879 me
605 1833 684 1894 pater
703 1827 840 1893 Hyrtacus
858 1828 913 1882 aris

136 1904 214 1956 Dona
232 1904 303 1969 tulit,
322 1904 343 1955 si
363 1920 417 1970 qua
435 1903 493 1969 ipse
511 1903 579 1955 meis
597 1902 740 1954 venatibus
758 1903 829 1968 araxi,

136 1980 303 2048 Suspendive
321 1979 403 2031 tholo.
422 1984 470 2030 unt
488 1995 565 2031 sacra
582 1978 618 2032 ad
636 1978 745 2045 fastigia
763 1979 826 2043 fini:

137 2057 218 2109 Hunc
236 2056 294 2108 siue
310 2073 355 2108 me
370 2054 483 2108 turbare
497 2054 616 2122 globum,
630 2058 659 2108 et
675 2071 740 2122 rege
757 2054 813 2108 tela
829 2071 878 2123 per
894 2072 982 2111 auras.

138 2132 257 2198 Dixerat,
276 2135 305 2186 et
322 2135 382 2186 toto
399 2131 529 2185 connixus
546 2147 658 2199 corpore
677 2131 776 2184 ferrum
945 2147 982 2185 aro

136 2208 257 2263 Coniieit.
296 2209 385 2263 Hasta
402 2208 495 2261 volsus
513 2207 601 2260 noctis
619 2207 776 2261 diverberat
793 2206 911 2276 umbras,

135 2284 171 2338 llt
190 2286 264 2338 venit
281 2285 369 2338 aversi
388 2285 415 2338 in
435 2288 544 2352 tergum
563 2283 705 2351 Sulmonis,
723 2284 819 2352 ibique

135 2365 290 2433 Frangitur,
309 2383 340 2420 ac
358 2366 422 2419 fisso
440 2366 539 2419 transit
556 2365 717 2433 praecordia
734 2365 814 2432 ligno.

135 2441 263 2495 Volvitur
281 2442 327 2495 ille
344 2458 455 2495 uomens
473 2441 591 2494 calidum
610 2441 645 2494 de
663 2445 773 2510 pectore
790 2441 892 2496 fiumen

135 2517 271 2585 Frigidus,
291 2521 320 2572 et
336 2517 425 2585 longis
443 2516 607 2584 singultibus
625 2517 671 2569 ilia
688 2518 786 2584 pulsat.
944 2536 981 2576 41⁶

135 2594 243 2646 Diversi
261 2593 489 2661 circumspiciunt.
527 2593 587 2646 Hoc
605 2593 692 2645 aerior
709 2593 782 2646 idem

136 2671 204 2723 llcce
223 2669 298 2722 aliud
316 2685 421 2721 summa
439 2669 524 2721 telum
542 2667 661 2722 librabat
679 2669 713 2721 ab
732 2685 804 2724 aure.

134 2745 207 2799 Dum
226 2745 375 2813 trepidant,
394 2745 426 2798 iit
443 2745 522 2797 hasta
540 2745 612 2811 Tago
630 2761 681 2812 per
698 2748 806 2812 tempus
824 2751 981 2816 utrumque,

134 2821 267 2885 Stridens,
285 2821 456 2887 traiectoque
473 2819 562 2873 haesit
579 2820 716 2887 tepefacto
733 2821 851 2875 cerebro.

134 2898 228 2952 Saevit
245 2901 325 2951 atrox
344 2897 483 2962 Volscens,
501 2913 551 2949 nec
568 2896 616 2950 teli
635 2897 765 2964 conspicit
783 2915 897 2965 usquam
945 2916 981 2955 sau

135 2975 293 3042 Auctorem,
311 2991 362 3027 nec
380 2990 433 3043 quo
452 2990 481 3026 se
499 2973 599 3026 ardeus
617 2973 756 3026 inmittere
773 2975 865 3042 possit.

134 3051 175 3105 Tu
192 3053 285 3104 tamen
304 3051 410 3104 interea
428 3049 517 3103 calido
535 3050 599 3102 mihi
619 3049 748 3116 sanguine
766 3066 866 3119 poenas

135 3127 278 3181 Persolves
296 3127 446 3194 amborum,
464 3127 569 3195 inquit;
593 3125 673 3178 simul
691 3142 754 3180 ense
772 3127 877 3180 recluso

134 3203 199 3258 Ibat
216 3202 244 3258 in
264 3205 417 3278 Euryalum.
454 3204 521 3260 uum
541 3220 604 3260 uero
621 3201 777 3270 exterritus,
795 3219 896 3271 amens
