2278 3568
124 157 169 204 112
353 151 383 200 Ρ.
402 149 556 198 VERGlLl.
573 150 741 199 MARONIS

121 231 259 286 Monstrat
276 233 337 301 iter,
356 249 464 301 quaque
482 232 604 285 ostendit
623 249 652 286 se
670 233 777 302 dextra,
795 251 956 301 sequamur:

121 309 260 364 Mutemus
278 309 385 376 clipeos,
406 307 584 376 Danaumque
603 308 721 376 insignia
739 311 816 364 nobis

122 391 264 456 Aptcmus.
301 386 386 438 Dolus
398 402 432 438 an
446 386 539 447 virtue,
554 385 614 452 quis
627 385 654 437 in
668 386 746 440 hoste
761 388 901 456 requiratl
937 403 973 444 eso

121 466 208 516 Arma
226 462 331 515 dabunt
348 463 406 527 ipsi.
444 462 488 515 Sic
506 461 586 528 latus,
606 461 705 516 deinde
722 469 874 518 comantem

121 539 263 607 Androgei
281 539 387 606 galeam
406 538 540 606 clipeique
559 538 664 606 insigne
683 539 811 593 decorum

121 616 257 681 induitur,
275 615 410 683 laterique
430 617 563 683 Argiuum
582 615 773 672 adcommodat
791 635 890 673 ensem.

121 692 181 746 Hoc
201 693 328 760 Rhipeus
347 692 398 746 hoc
417 693 475 760 ipse
495 693 596 761 Dymas
614 695 754 762 omnisque
773 695 899 750 iuventus

121 769 206 824 Laeta
223 770 303 834 facit;
322 770 414 838 spoliis
433 787 462 823 se
481 771 596 839 quisque
615 771 770 826 recentibus
788 776 884 826 armat.
938 788 974 826 aas

121 846 253 900 Vadimus
271 847 379 900 inmixti
399 847 500 900 Danais
519 847 593 900 haud
611 849 721 902 numine
738 853 840 918 nostre,

121 923 262 993 Multaque
281 941 329 992 per
349 941 456 977 caecam
474 923 612 992 congressi
631 925 734 992 proelia
751 929 859 980 noctem

119 999 300 1068 Conserimus‚
319 1001 420 1054 multos
440 1000 565 1054 Danaum
584 1001 756 1055 demittimus
776 1003 853 1056 Orco.

119 1075 270 1144 Diffirgiuut
288 1077 335 1129 alii
353 1077 389 1129 ad
407 1077 492 1144 navis,
511 1079 540 1130 et
558 1077 640 1130 litora
657 1095 739 1131 cursu

119 1151 189 1206 Fida
205 1157 318 1220 petunt:
338 1169 402 1220 pars
421 1154 560 1220 ingentem
577 1153 723 1206 formidine
741 1154 815 1221 turpi
937 1166 973 1205 tet

118 1228 258 1282 Scandunt
276 1246 371 1281 rursus
390 1245 490 1296 equum
510 1232 539 1280 et
557 1231 622 1280 uota
640 1230 794 1281 conduntur
810 1229 838 1281 in
856 1229 923 1280 alvo.

153 1304 217 1357 Heu
234 1305 299 1357 nihil
317 1305 410 1356 invitis
428 1304 468 1356 fas
487 1319 651 1371 quemquam
670 1304 756 1357 fidere
774 1304 857 1356 divis!

118 1380 186 1433 Ecce
204 1380 365 1433 trahebatur
382 1379 470 1448 passis
490 1378 626 1432 Priameia
646 1380 722 1447 virgo

118 1456 243 1510 Crinibus
264 1473 280 1510 a
299 1456 401 1524 templo
422 1454 574 1508 Cassandra
591 1455 736 1524 adytisque
754 1455 901 1521 Minervae,

119 1533 164 1586 Ad
182 1533 286 1587 caelum
304 1532 421 1586 tendens
439 1531 565 1585 ardentia
582 1530 685 1585 lumina
703 1532 813 1598 frustra,
935 1544 970 1586 lte

117 1608 239 1676 Lumina,
258 1626 320 1662 nam
338 1613 449 1662 teneras
467 1607 598 1661 arcebant
615 1609 722 1662 vincula
739 1609 849 1676 palmas.

117 1685 142 1738 N
145 1703 179 1739 on
198 1687 261 1740 tulit
279 1686 348 1740 hauc
367 1685 484 1754 speciem
501 1685 602 1738 furiata
620 1689 713 1738 mente
732 1686 878 1752 Coroebus,
973 1694 975 1699 '

118 1763 154 1816 m
172 1780 232 1817 sese
250 1763 373 1816 medium
392 1762 486 1816 iniecit
504 1763 643 1830 periturus
661 1763 688 1814 iu
708 1779 814 1830 agmen.

117 1838 315 1908 Consequimur
333 1839 423 1892 cuncti
442 1842 471 1892 et
489 1838 580 1890 densis
598 1839 760 1891 incurrimus
778 1839 865 1892 aruris

117 1915 171 1968 Hic
188 1916 306 1984 primum
324 1933 358 1968 ox
377 1916 432 1968 alto
451 1914 558 1967 delubri
577 1915 692 1968 culmine
710 1915 773 1968 telis
937 1927 970 1966 aa

117 1991 281 2044 Nostrorum
300 1991 447 2057 obruimur,
467 1991 608 2059 oriturque
628 1991 779 2045 miserrima
797 1991 894 2044 caedes

117 2068 265 2120 Armorum
283 2067 352 2121 facie
371 2070 400 2120 et
419 2067 563 2121 Graiarum
583 2085 675 2122 errore
694 2067 825 2120 iubarum.

117 2141 185 2196 Tum
204 2143 292 2197 Danai
310 2145 414 2212 gemitu
433 2146 517 2212 atque
535 2147 646 2212 ereptae
664 2144 776 2212 virginis
793 2143 835 2196 ira
866 2205 873 2216 ,

117 2218 247 2288 Undique
265 2221 371 2274 collecti
389 2219 529 2288 invadunt,
549 2221 698 2274 acerrimus
717 2221 798 2286 Aiax,

117 2295 152 2347 llt
163 2297 264 2362 gemini
279 2297 402 2362 Atridae,
416 2296 606 2364 Dolopumque
619 2297 756 2351 exercitus
774 2295 861 2348 omnis
869 2315 875 2357 ;
934 2308 969 2346 415

118 2372 235 2424 Adversi
255 2377 336 2440 rupto
354 2389 404 2424 ceu
423 2372 560 2440 quondam
579 2374 690 2426 turbine
709 2372 785 2425 venti

117 2446 277 2516 Confligunt,
297 2448 490 2516 Zephyrusque
510 2449 654 2516 Notusque
673 2451 702 2501 et
719 2448 808 2500 laetus
826 2446 890 2498 Eois

118 2522 206 2577 Eurus
225 2524 317 2592 equis;
334 2522 455 2576 stridunt
473 2523 564 2589 silvae,
584 2525 727 2592 saevitque
747 2522 861 2576 tridenti

117 2599 250 2667 Spumeus
268 2603 352 2666 atque
369 2598 423 2651 imo
442 2599 549 2652 Nereus
568 2600 621 2652 ciet
640 2617 759 2667 aequora
775 2597 866 2651 funde.

117 2675 162 2728 llli
180 2677 269 2740 etiam,
289 2676 311 2728 si
330 2692 397 2743 quos
415 2675 530 2728 obscura
548 2680 629 2730 nocte
649 2692 699 2744 per
716 2675 841 2728 umbram
936 2687 971 2724 sao

117 2751 138 2804 F
140 2753 249 2806 udimus
267 2751 371 2805 insidiis
389 2755 503 2821 totaque
522 2753 686 2820 agitavimus
706 2751 780 2817 urbe,

117 2829 275 2897 Adparent;
293 2829 373 2897 primi
391 2829 492 2896 clipeos
510 2830 682 2898 mentitaque
700 2829 756 2882 tela

117 2906 305 2973 Adgnosouut‚
325 2911 408 2974 atque
427 2921 474 2957 ora
493 2921 558 2958 sono
579 2905 714 2959 discordia
732 2905 848 2972 signant.

117 2981 196 3035 Ilicet
214 2982 355 3035 obruimur
373 2997 501 3046 uurncr03
519 2981 678 3050 primusque
698 2980 836 3035 Coroebus

116 3057 224 3112 Penelei
244 3059 342 3113 dextra
360 3058 438 3111 divae
457 3059 645 3126 armipotentis
663 3060 699 3111 ad
717 3075 790 3111 aram
934 3069 970 3110 tto

116 3131 288 3202 Procumbit;
307 3135 381 3190 cadit
400 3138 429 3188 et
448 3135 578 3204 lthipeus,
596 3135 760 3188 iustissimus
778 3151 849 3188 unus

116 3211 168 3276 Qui
186 3211 239 3266 suit
256 3213 284 3266 in
303 3212 414 3266 Teucris
432 3215 461 3266 et
480 3212 698 3266 servantissimus
716 3211 812 3280 aequi;
