2268 3570
93 181 140 227 31⁰
330 176 359 224 P.
372 175 524 223 VERGILI
541 175 708 225 Manoms

93 256 180 320 Quem
199 255 280 324 primi
298 255 418 321 colimus,
437 255 480 307 eui
497 254 595 322 pineus
614 254 697 308 ardor
712 270 810 308 acervo

95 332 227 398 l'aseitur,
245 334 275 384 et
292 331 413 384 medium
431 330 496 384 freti
515 331 620 400 pietate
638 331 795 399 perignem

93 409 218 463 Cultores
236 408 323 461 multa
340 408 490 476 premimus
509 409 626 476 vestigia
643 424 738 476 pruna,

94 485 143 550 Da,
165 485 253 550 Pater,
273 484 323 537 boc
340 484 441 536 nostris
460 483 562 537 aboleri
582 484 701 537 dedecus
718 483 808 550 armis,

94 561 281 629 Omnipotens.
306 560 368 613 Non
386 561 498 613 exuvias
516 560 644 630 pulsaeve
662 563 804 627 tropaeum
908 573 945 614 m

97 637 222 705 Virginis,
241 639 289 690 aut
308 637 393 706 spolia
410 637 465 690 ulla
483 641 565 707 peto3
584 637 649 689 mihi
668 641 761 690 cetera
777 635 887 690 laudem

97 713 179 766 [lacta
195 713 303 778 ferent3
320 713 387 767 haee
405 713 466 766 dira
483 730 544 767 meo
562 713 628 766 dum
646 713 755 766 volnere
772 712 858 780 pestis

97 789 176 842 Pulsa
193 789 281 856 eadat,
299 790 401 858 patrias
419 789 546 843 remeabo
564 788 694 856 inglorius
711 788 800 842 urbes.

96 865 193 918 Audiit
211 869 240 919 et
258 865 314 918 voti
335 865 461 918 Phoebus
480 865 626 918 succedere
644 869 751 932 partem

95 941 189 994 Mente
208 940 293 1005 dedit,
310 945 418 1010 partem
437 941 553 994 volucris
573 940 704 1009 dispersit
722 939 751 992 in
770 955 864 992 auras:
909 953 944 992 :aa

94 1017 235 1070 Sterneret
253 1020 285 1069 ut
303 1016 394 1069 subita
411 1016 549 1070 turbatam
568 1021 656 1070 morte
675 1015 823 1082 Camillam,

96 1092 202 1146 Adnuit
219 1093 323 1156 oranti;
341 1092 469 1146 reducem
486 1097 518 1145 ut
536 1093 625 1161 patria
643 1092 699 1144 alta
718 1091 833 1158 videret,

95 1169 156 1222 Non
175 1169 260 1236 dedit,
279 1169 361 1236 inque
378 1172 457 1222 notos
475 1185 567 1222 vocem
586 1172 694 1222 vertere
711 1168 851 1237 procellae.

97 1245 175 1313 Ergo,
193 1251 225 1298 ut
242 1246 325 1297 missa
342 1261 424 1297 manu
442 1246 559 1298 sonitum
579 1245 657 1297 dedit
675 1245 754 1298 hasta
772 1261 822 1313 per
839 1258 927 1302 auras.

95 1321 261 1374 Convertere
280 1323 383 1373 animos
400 1321 471 1373 acris
488 1321 633 1388 oculosque
652 1319 741 1373 tulere
907 1333 944 1371 seo

96 1397 193 1450 Cuncti
211 1397 247 1449 ad
265 1397 385 1464 reginam
406 1396 505 1448 Volsci,
541 1395 617 1448 Nibil
636 1396 695 1463 ipsa
714 1412 765 1450 nee
783 1411 865 1448 aurae

95 1474 152 1527 Nee
170 1474 275 1526 sonitus
293 1489 397 1525 memor
414 1476 462 1526 aut
480 1472 613 1526 venientis
632 1471 667 1524 ab
685 1472 798 1526 aethere
815 1471 871 1538 teli,

96 1548 252 1620 Hastasub
271 1553 407 1602 exsertam
426 1549 511 1602 donec
529 1549 635 1616 perlata
653 1548 780 1618 papillam

96 1625 201 1690 Haesit,
220 1626 425 1694 virgineumque
443 1625 498 1678 alte
517 1624 588 1678 bibit
605 1628 666 1678 acta
684 1641 815 1678 cruorem.

96 1701 266 1755 Concurrunt
279 1701 403 1770 trepidae
415 1701 536 1769 eomiteS,
551 1701 742 1769 dominamque
754 1702 880 1753 mentem
909 1713 946 1751 sot

96 1777 259 1846 Suscipiunt.
296 1778 379 1846 Fugit
397 1783 460 1832 ante
479 1779 566 1831 omnis
584 1778 734 1830 exterritus
756 1777 871 1842 Arruns,

96 1854 215 1908 Laetitia
233 1855 373 1923 mixtoque
391 1859 474 1920 metu,
492 1871 542 1907 nee
559 1854 612 1906 iam
632 1852 748 1919 amplius
765 1851 859 1904 hastae

96 1929 222 1992 Credere,
243 1947 292 1984 nee
310 1931 373 1983 telis
391 1945 533 1982 occurrere
551 1928 663 1995 virginis
682 1927 774 1980 audet.

96 2007 138 2058 Ac
157 2005 231 2058 velut
250 2005 303 2073 ille,
323 2007 397 2074 prius
416 2021 497 2072 quam
517 2004 572 2057 tela
590 2003 700 2056 inimica
718 2005 873 2070 sequantur,

96 2081 230 2135 Continuo
248 2081 276 2133 in
294 2082 393 2134 montis
412 2097 471 2133 sese
489 2080 566 2132 avius
584 2078 693 2132 abdidit
711 2078 780 2132 altos
909 2091 946 2130 sm

95 2155 190 2210 Occiso
208 2161 318 2224 pastore
336 2156 416 2224 lupus
433 2172 565 2222 magnove
584 2155 704 2220 iuvenco,

95 2232 225 2286 Conscius
242 2231 353 2285 audacis
371 2232 443 2298 faeti,
461 2231 631 2299 caudamque
649 2229 801 2293 remulcens

96 2307 216 2361 Subieeit
234 2308 400 2375 pavitantem
419 2312 506 2371 utero,
525 2307 660 2375 silvasque
678 2305 791 2375 petivit:

98 2383 179 2436 Haud
198 2399 275 2436 secus
293 2400 327 2436 ex
346 2383 430 2436 oculis
449 2400 477 2435 se
495 2382 623 2436 turbidus
642 2381 757 2436 abstulit
776 2383 891 2447 Arruns,

96 2460 302 2527 Contentusque
320 2459 385 2527 luga
403 2459 500 2512 mediis
518 2476 547 2512 se
566 2458 703 2511 inmiscuit
721 2457 813 2510 armis.
910 2472 947 2510 ars

98 2534 148 2588 llla
166 2551 248 2587 manu
266 2536 384 2588 moriens
403 2535 488 2588 telum
506 2534 605 2598 trahit;
624 2550 685 2586 ossa
703 2533 753 2586 sed
770 2532 844 2586 inter

97 2611 213 2664 l’erreus
232 2611 268 2663 ad
286 2617 374 2665 costas
392 2611 448 2665 alto
467 2613 523 2664 stat
541 2609 651 2662 volnere
671 2624 769 2661 mucro.

97 2685 211 2739 habitur
229 2689 390 2755 exsanguis;
409 2687 539 2740 labuntur
556 2684 657 2752 frigida
675 2684 730 2737 leto

96 2761 226 2828 Lurnina3
244 2779 396 2830 purpureus
415 2761 550 2832 quondam
569 2761 642 2813 color
661 2777 708 2814 ora
726 2760 844 2828 reliquit.

95 2837 163 2890 Tum
181 2838 219 2891 sie
238 2838 379 2906 exspirans
399 2841 507 2904 Accam,
527 2853 561 2890 ex
579 2835 740 2904 aequalibus
757 2853 846 2905 unam,
911 2849 947 2889 saa

97 2913 281 2982 Adloquitur3
302 2915 357 2970 lida
375 2919 438 2970 ante
457 2914 523 2967 alias
542 2930 612 2982 quae
631 2913 688 2966 sola
707 2913 844 2981 Camillae,

95 2990 210 3054 Quicum
228 2992 325 3060 partiri
344 3009 437 3056 euras;
456 2995 539 3059 atque
558 2990 625 3042 haee
643 2989 683 3042 ita
701 2989 792 3043 latur:

97 3067 244 3132 Hactenus,
265 3070 338 3123 Arca
356 3085 439 3135 sorar,
458 3067 553 3136 potui;
571 3081 642 3118 nune
660 3064 755 3117 volnus
773 3063 901 3118 acerbum

95 3142 217 3210 Conficit,
236 3147 265 3198 et
283 3145 403 3200 tenebris
421 3143 579 3211 nigresmmt
597 3140 687 3193 anania
705 3141 813 3194 circum.

97 3219 192 3282 Effuge
210 3219 324 3276 ethaeo
342 3221 432 3276 Turno
451 3218 580 3272 mandata
597 3215 743 3270 novissima
760 3216 866 3284 perfer:
910 3231 947 3270 sae
