2278 3568
433 163 617 214 AENEIDOS
634 165 702 213 LIB.
723 164 760 212 II.
987 165 1032 213 109

216 247 335 318 'Pempus
353 249 420 314 eret,
439 263 493 315 quo
510 246 599 314 prima
617 246 695 314 quies
712 245 874 299 mortalibus
892 246 982 313 aegris

183 324 284 394 Incipit
301 327 330 378 et
349 323 420 376 dono
438 323 529 375 divom
546 323 703 389 gratissima
721 323 812 390 serpit

184 401 215 453 ln
235 400 343 466 somnis,
363 415 433 466 ecee,
451 401 515 452 anto
533 398 624 452 oeulos
642 399 838 452 maestissimus
857 400 964 453 Hector
998 413 1035 454 aso

183 477 266 530 Visus
284 475 380 530 adesso
398 475 473 542 mihi,
491 475 634 544 largosque
653 475 792 529 effundere
811 475 898 542 fletus,

183 551 319 620 Raptatus
337 551 415 620 bigis,
433 556 465 604 ut
483 551 629 619 quondam,
648 555 763 620 aterque
781 556 894 606 cruento

124 621 307 760 Lgulvere,
326 645 430 698 perque
449 628 533 696 pedes
552 629 683 682 traiectus
702 628 760 681 lora
777 567 978 758 tumentiq)

213 705 238 759 ei
255 706 329 772 milri,
348 705 435 774 qualis
454 707 530 759 erat!
551 707 684 772 quantum
703 707 825 758 mutatus
844 705 879 758 ab
896 706 905 758 i
928 722 943 758 o

183 783 312 849 Hectore,
332 783 379 851 qui
396 781 469 835 redit
487 781 599 834 exuvias
617 780 729 834 indutus
749 781 856 850 Achilli,
999 797 1035 836 ars

183 858 235 911 Vel
255 858 379 912 Danaum
399 857 531 926 Phrygios
548 856 682 910 iaculatus
700 857 836 925 puppibus
854 858 936 924 ignis!

184 935 360 1002 Squalcntem
378 933 492 986 barbam
511 937 539 987 et
558 937 697 986 concretos
716 932 847 1000 sanguine
865 934 946 987 erinis

183 1010 357 1079 Vulneraque
374 1011 421 1063 illa
438 1027 542 1078 gerens,
563 1026 633 1077 quae
652 1009 751 1062 circum
769 1009 887 1078 plurima
904 1027 996 1064 muros

183 1088 299 1156 Accepit
317 1088 427 1156 patrios.
463 1086 544 1140 Ultro
563 1086 630 1139 tlens
648 1086 706 1154 ipse
725 1085 837 1138 videbar

183 1164 353 1233 Compellare
372 1165 461 1217 virum
480 1168 509 1216 et
527 1167 644 1216 maestas
663 1180 824 1231 expromere
841 1180 933 1218 voces:
999 1180 1035 1217 eso

183 1239 206 1294 0
225 1240 272 1294 lux
291 1239 453 1308 Dardaniae,
473 1257 534 1308 spes
553 1257 568 1292 o
587 1239 720 1293 fidissima
738 1239 879 1308 Teucrum,

183 1317 259 1381 Quae
276 1321 371 1370 tantae
388 1321 502 1370 tenuero
520 1318 632 1370 morael
651 1316 750 1385 quibus
770 1317 876 1370 Hector
893 1317 928 1370 ab
945 1319 1000 1372 oris

183 1394 347 1462 Exspectate
366 1394 458 1448 venisl
476 1398 509 1446 ut
527 1397 555 1446 te
573 1398 636 1461 post
655 1395 740 1446 multa
758 1397 867 1447 tuorum

183 1470 298 1534 Funera,
314 1473 377 1539 post
396 1471 483 1523 varios
501 1470 696 1537 hominumque
715 1469 845 1538 urbisque
863 1469 970 1524 labores

184 1546 289 1601 Defessi
307 1547 466 1615 aspicimus!
486 1563 558 1614 quae
576 1563 671 1598 caussa
688 1546 801 1613 indigna
820 1564 928 1601 serenos
998 1561 1035 1600 sse

183 1623 315 1677 Foedavit
334 1623 439 1676 voltusl
457 1625 505 1676 aut
524 1639 571 1675 cur
590 1622 655 1675 haec
674 1622 784 1675 volnera
803 1625 900 1678 cernel

94 1701 97 1703 ’
184 1699 235 1754 llle
251 1699 326 1768 nihil,
344 1717 393 1752 nec
410 1717 454 1753 me
474 1701 655 1768 quaerentem
670 1715 739 1751 vana
757 1703 886 1768 moratur,

182 1776 238 1830 Sed
255 1776 376 1844 grariter
393 1777 513 1844 gemitus
532 1775 586 1828 imo
605 1775 639 1828 de
657 1777 770 1844 pectore
788 1775 896 1844 ducens,

183 1852 247 1906 Heu
265 1853 336 1921 fuge,
354 1857 419 1906 nate
438 1851 496 1918 dea,
515 1855 599 1920 teque
617 1852 666 1919 his,
685 1851 731 1918 ait,
750 1852 824 1920 cripe
841 1852 963 1908 flammis.

184 1929 279 1983 Hostis
298 1929 381 1982 lrabet
399 1945 505 1993 mur0s;
524 1928 580 1980 ruit
598 1927 654 1981 alto
673 1945 689 1980 a
707 1928 823 1982 eulmine
842 1930 928 1985 Troia.
999 1944 1036 1983 aso

182 2005 231 2060 Sat
248 2006 353 2074 patriae
373 2005 537 2073 Priamoque
556 2003 665 2058 datum:
685 2005 707 2056 si
727 2003 860 2072 Pergama
878 2005 976 2060 dextra

183 2082 300 2135 Defendi
318 2084 437 2150 possent,
457 2081 540 2134 etiam
559 2079 609 2133 hac
627 2080 740 2133 defensa
758 2081 885 2135 fuissent:

183 2158 265 2212 Sacra
283 2175 399 2228 suosque
418 2157 469 2210 tibi
488 2156 661 2210 commendat
679 2156 758 2223 Troia
777 2157 901 2212 Penatis:

184 2234 242 2288 Hos
260 2251 326 2302 cape
344 2236 462 2288 latorum
480 2233 600 2298 comites,
620 2233 662 2285 lris
679 2235 903 2302 moeniaquaere

184 2309 290 2378 Magna,
309 2315 451 2380 pererrato
470 2314 575 2364 statues
596 2326 665 2378 quae
684 2309 804 2378 denique
822 2315 911 2378 ponto.
1000 2329 1035 2368 ree

183 2387 226 2440 Sic
244 2387 290 2454 ait,
310 2390 338 2440 et
357 2387 480 2440 manibus
499 2387 582 2440 vittas
603 2385 772 2456 Vestamque
790 2392 931 2456 potentem

184 2464 392 2533 Aeternumque
410 2464 499 2532 adytis
519 2463 597 2517 effert
616 2463 803 2533 penetralibus
821 2465 917 2533 ignem.

218 2539 332 2594 Diverso
351 2542 457 2593 interea
475 2541 624 2593 miscentur
643 2541 750 2594 moenia
768 2541 849 2609 luctu,

184 2617 219 2670 llt
237 2617 324 2683 magis
341 2621 425 2684 atque
443 2617 535 2684 inseris,
556 2633 720 2685 quamquam
739 2621 845 2672 secreta
862 2622 982 2688 parentis

185 2693 318 2747 Anchisae
337 2694 433 2746 domus
452 2692 649 2761 arboribusque
668 2693 778 2748 obtecta
796 2697 913 2762 recessit,
1000 2711 1035 2750 soc

184 2769 344 2823 Olareseunt
363 2771 474 2835 sonitus,
494 2786 687 2838 armorumque
704 2771 807 2839 ingruit
825 2771 927 2825 horror.

184 2843 314 2898 Excutior
332 2863 430 2910 somno,
450 2849 478 2899 et
497 2846 594 2900 summi
611 2847 720 2916 fastigia
738 2848 806 2901 tecti
961 2843 962 2847 ¹

185 2921 307 2975 Ascensu
326 2939 431 2990 supere,
450 2926 533 2989 atquc
552 2923 666 2976 arrectis
684 2924 794 2978 auribus
812 2928 904 2981 adsto:

185 2997 216 3050 Iu
236 3001 358 3066 segetem
377 2997 461 3051 veluti
480 3015 541 3052 cum
559 2997 667 3052 flamma
684 3000 838 3055 furentibus
855 3003 956 3056 austris

186 3073 294 3142 Incidit,
313 3079 360 3127 aut
378 3073 490 3140 rapidus
508 3078 637 3127 montano
655 3075 765 3129 flumine
783 3081 890 3132 torrens
998 3093 1035 3134 ³0⁶

184 3149 288 3203 Sternit
306 3165 393 3218 agros,
412 3149 511 3202 sternit
529 3153 589 3202 sata
606 3150 679 3204 laeta
696 3152 834 3220 boumque
852 3153 965 3221 labores,

185 3225 399 3295 Praecipitisque
417 3224 504 3278 trahit
521 3224 609 3292 silvas,
629 3229 722 3295 stupet
740 3227 840 3282 inscius
858 3230 914 3284 alto
