2278 3568
416 157 599 205 AENEIDOS
617 155 756 222 LIB.,1v.
964 155 1011 202 149

158 243 220 310 lpse
237 241 305 294 haec
322 241 394 294 ferre
411 238 490 292 iubet
507 237 603 292 celeris
620 237 751 292 mandata
768 255 819 307 per
836 253 930 292 aures:
976 247 1013 289 rie

156 318 228 381 Quid
246 317 345 372 struisl
364 319 412 370 aut
430 332 485 384 qua
503 331 551 384 spe
571 314 676 381 Libycis
694 315 762 368 teris
780 315 837 368 otia
854 311 953 368 terrisl

156 394 230 448 site
247 393 321 446 nulla
339 397 431 446 movet
449 395 588 445 tantarum
607 391 693 458 gloria
712 408 804 446 rerum

157 470 214 526 Nec
233 487 314 538 super
331 470 390 540 ipse
409 474 457 524 tua
475 469 577 522 moliris
596 467 678 522 laude
695 468 822 534 laborem,

157 549 303 601 Ascanium
322 551 480 616 surgentem
499 549 528 598 ct
546 561 608 614 spes
626 544 735 598 heredis
754 544 807 598 Iuli

157 625 281 692 Respice,
300 624 343 678 cui
361 639 475 690 regnum
495 621 594 675 ltaliae
613 621 791 690 Romanaque
808 621 890 676 tellus
978 635 1014 674 art

156 700 305 754 Debentur.
342 699 400 754 Tali
420 698 556 768 Cyllenius
574 715 621 751 ore
639 697 746 752 loeutus

156 775 281 830 Mortalis
299 775 372 830 visus
389 774 480 828 medio
498 791 622 828 sermone
640 773 759 842 reliquit,

68 851 84 869 ”’
156 852 193 906 Et
210 853 305 922 procul
322 853 351 906 iu
368 856 479 906 tenuem
499 868 533 904 ex
551 850 634 902 oculis
653 851 761 903 evanuit
779 867 880 903 auram.

190 932 231 983 At
248 947 313 984 vero
333 932 442 984 Aeneas
460 929 572 996 aspectu
590 925 728 978 obmutuit
745 943 846 990 amens,

155 1007 346 1074 Arrectaeque
357 1005 471 1058 horrere
483 1019 585 1069 comae,
597 1006 627 1055 et
638 1019 691 1054 vox
702 1002 824 1055 faucibus
837 1001 933 1054 haesit.
979 1015 1015 1052 asu

156 1082 249 1136 Ardet
267 1081 344 1135 abire
361 1081 426 1149 fuga
444 1079 585 1146 dulcisque
602 1078 757 1146 relinquere
774 1082 869 1141 terras,

158 1158 303 1212 Attonitus
321 1161 399 1213 tanto
417 1157 522 1210 monitu
539 1155 700 1223 inpericque
718 1153 838 1208 deorum.

157 1233 222 1288 Heu
240 1234 308 1304 quid
326 1235 408 1303 agatl
428 1249 483 1302 qno
501 1249 572 1286 nunc
590 1233 713 1300 reginam
730 1229 835 1284 ambire
853 1233 990 1283 liuentem

158 1310 270 1366 Audeat
288 1310 400 1366 adfatu?
419 1326 490 1380 quae
507 1309 595 1378 prima
613 1308 725 1362 exordia
743 1308 850 1362 sumatl

159 1389 254 1456 Atque
266 1388 385 1441 animum
398 1403 468 1440 nunc
480 1386 533 1439 huc
545 1386 670 1453 celerem,
683 1402 754 1439 nunc
767 1383 865 1437 dividit
876 1385 946 1444 illuc,
978 1397 1014 1436 rsa

158 1461 192 1516 In
210 1464 351 1532 partisque
368 1464 440 1531 rapit
458 1463 546 1516 varias
563 1479 668 1530 perque
686 1462 776 1516 omnia
793 1464 891 1514 versat.

158 1537 235 1592 Haec
253 1540 400 1594 alternanti
417 1539 507 1606 patior
526 1539 661 1591 sententia
679 1539 736 1591 sisa
755 1542 810 1591 cst:

158 1615 304 1669 Mnesthea
323 1615 538 1683 Sergestumque
556 1617 636 1668 vocat
654 1614 807 1681 fortemque
826 1613 973 1676 Serestum,

159 1691 279 1745 Classem
298 1693 394 1760 aptent
411 1691 489 1744 taciti
507 1690 646 1758 sociosque
665 1689 702 1743 ad
719 1690 800 1742 litora
817 1693 922 1756 cogant,

116 1821 118 1825 .
162 1769 246 1821 Arnm
263 1771 369 1837 parent,
388 1770 424 1834 et,
444 1783 514 1835 quae
532 1765 615 1818 rebus
634 1766 670 1819 sit
688 1781 782 1818 caussa
799 1764 938 1830 novandis,
982 1778 1018 1817 ma

158 1843 353 1908 Dissimulent;
373 1859 432 1896 sese
450 1843 562 1910 interea,
582 1841 691 1910 quando
709 1844 821 1910 optuma
839 1839 911 1893 Dido

158 1920 184 1973 N
186 1921 271 1974 esciat
289 1924 318 1974 et
336 1923 430 1973 tantos
448 1919 537 1986 rumpi
554 1934 609 1970 non
628 1921 720 1986 speret
738 1934 853 1985 amores,

158 1996 368 2066 Temptaturum
387 1995 486 2061 aditus,
505 1999 535 2048 et
553 2011 623 2063 quae
641 1994 799 2048 mollissima
817 1993 892 2047 laudi

158 2072 299 2142 Tempora,
319 2073 380 2141 quis
397 2071 479 2125 rebus
497 2071 596 2124 dexter
613 2071 717 2126 modus.
755 2070 837 2123 Ocius
855 2086 948 2130 munes

159 2149 270 2218 Inperio
287 2149 352 2202 laeti
370 2151 470 2215 parent
487 2163 519 2199 ac
535 2148 608 2199 iussa
625 2147 769 2199 facessunt.
981 2161 1017 2198 aar

194 2225 235 2277 At
253 2222 348 2290 regina
366 2222 540 2290 dolos—quis
557 2221 652 2274 fallere
670 2221 757 2289 pessit
775 2222 964 2274 amanteml-

159 2299 325 2366 Praesenslt,
342 2302 488 2366 motusque
508 2296 616 2364 excepit
634 2297 722 2364 prima
739 2297 853 2360 futuros,

160 2375 257 2430 Omnia
275 2379 337 2430 tuta
355 2375 462 2430 timens.
500 2375 604 2428 Eadem
622 2373 706 2442 impia
724 2373 809 2426 Fama
825 2371 929 2426 furenti

160 2453 267 2508 Detulit
285 2452 385 2506 armari
403 2451 516 2505 classem
534 2466 699 2518 cursumque
717 2448 818 2518 patrari.

160 2529 252 2583 Saevit
269 2530 347 2598 inops
365 2528 456 2594 animi,
475 2531 618 2596 totamque
635 2526 746 2580 incensa
763 2542 813 2594 per
831 2523 927 2578 urbem
981 2540 1018 2579 au

160 2606 320 2671 Bacchatur,
339 2605 426 2674 qualis
444 2605 586 2658 commotis
605 2603 694 2658 exeita
713 2601 797 2656 sacris

160 2683 264 2752 Thyias,
283 2683 329 2736 uhi
347 2683 441 2738 audito
460 2682 602 2736 stimulant
620 2680 760 2736 trieterica
779 2678 886 2732 Baccho

160 2758 244 2826 Orgia
261 2763 465 2827 nocturnusque
483 2763 563 2812 vocat
581 2759 698 2812 elamore
718 2755 873 2810 Cithaeron.

160 2834 281 2888 Tandem
299 2835 342 2887 his
362 2836 475 2888 Aenean
493 2835 638 2903 compellat
655 2833 766 2887 vocibus
783 2831 870 2886 ultro:

196 2911 374 2964 Dissimulare
393 2911 476 2964 etiam
494 2911 619 2978 sperasti,
638 2909 750 2978 perfide,
768 2912 876 2962 tautum
980 2921 1017 2962 ³0⁵

51 3000 53 3006 '
161 2988 245 3042 Posse
262 2987 347 3055 nefas,
364 2987 519 3056 tacitusque
537 3004 598 3042 mea
615 2985 751 3041 decedere
769 2985 862 3038 terrai

162 3065 219 3118 Nec
236 3068 266 3118 te
283 3067 377 3118 noster
395 3079 478 3131 amor,
496 3065 593 3116 necte
611 3061 677 3116 data
694 3061 810 3116 dextera
828 3065 972 3130 quondam,

161 3141 187 3193 N
189 3157 220 3194 ec
237 3142 368 3195 moritura
385 3144 463 3194 tenet
480 3139 584 3193 crudeli
602 3140 698 3194 funere
717 3137 805 3190 Didcl

163 3215 233 3278 Quin
251 3218 333 3272 ctiam
353 3216 467 3270 lribcrno
485 3215 588 3272 moliris
606 3215 697 3270 sidero
714 3215 836 3276 classem,
