2266 3562
125 165 166 224 'aa
361 174 391 224 P.
410 175 564 223 vascam.
582 175 749 222 aaronis

133 257 253 326 Stuppea
270 260 445 326 torquentem
464 258 586 311 Balearis
604 257 719 311 verbera
736 257 844 324 fundae,
909 262 911 268 ’

133 334 200 388 Cum
219 335 265 386 nix
284 333 340 386 alta
356 335 434 400 iacet,
453 334 567 402 glaciem
585 351 645 387 cum
664 333 775 387 flumina
792 334 914 387 trudunt
948 349 985 386 sio

167 410 239 474 Quid
257 414 437 478 tempestates
456 410 580 462 autumni
598 415 627 463 et
645 410 736 462 sidera
754 408 850 476 dicam,

133 489 233 556 Atque,
251 486 297 539 nbi
315 487 368 539 iam
387 486 549 554 breviorque
568 485 627 539 dies
646 488 675 538 et
692 485 798 538 mollior
815 495 914 556 aestas,

133 562 208 626 Quae
226 562 360 630 sigilanda
378 563 458 616 virisl
479 563 521 614 vel
540 578 601 616 cum
619 561 675 614 ruit
692 560 861 614 imbriferum
880 579 935 618 rer.

132 638 226 707 Spicea
243 639 296 691 iam
315 639 416 706 eampis
434 655 496 691 cum
514 638 609 691 messis
627 636 768 704 inhorruit,
787 640 894 690 etcum

133 714 282 768 Frumento
299 715 327 767 in
345 715 425 768 viridi
445 714 545 782 stipula
564 713 694 767 lactentia
712 715 841 780 turgenti
947 728 984 766 315

132 791 219 859 Saepe
237 807 295 858 ego,
314 808 375 844 eum
393 791 470 844 flavis
487 806 635 843 messorem
653 789 796 842 induceret
814 790 885 842 arvis

135 867 260 935 Agricola
278 871 306 920 et
324 867 413 934 fragili
431 868 485 920 iam
504 866 653 933 stringeret
670 864 773 917 hordea
790 865 886 930 culmo,

132 943 228 996 Omnia
246 947 390 996 ventorum
408 958 568 995 concurrere
586 940 769 1010 proeliandi,

132 1018 207 1083 Quae
224 1019 364 1087 gravidam
382 1019 438 1071 late
457 1026 578 1086 segetem
596 1017 631 1071 ab
650 1016 787 1070 radicibus
804 1017 866 1069 imis

79 1159 83 1171 Ι
131 1095 279 1149 Sublimem
298 1095 438 1163 expulsam
456 1099 599 1158 eruerent;
618 1095 658 1147 ita
676 1092 786 1146 turbine
804 1093 881 1160 nigro
944 1111 983 1149 sae

132 1171 229 1225 Ferret
242 1172 348 1239 hiemps
362 1171 534 1239 e'ulmiunque
548 1170 636 1224 levem
651 1170 821 1238 stipulasque
837 1170 962 1226 volantis.

131 1249 217 1315 Saepe
235 1248 318 1300 etiam
334 1247 485 1299 inmensum
504 1247 578 1300 caelo
596 1247 670 1300 venit
691 1263 789 1314 agmen
810 1263 950 1314 aquarum,

133 1325 167 1377 llt
185 1323 292 1376 foedum
311 1323 464 1391 glomerant
482 1326 675 1391 tempestatem
693 1322 826 1375 imbribus
843 1323 911 1377 atris

131 1400 267 1453 Collectae
286 1416 320 1452 cx
342 1399 398 1452 alto
417 1399 519 1463 nubes;
537 1400 592 1452 ruit
610 1399 712 1452 arduus
729 1400 832 1465 aether,

131 1476 167 1528 Et
183 1476 274 1544 pluvia
291 1476 394 1543 ingenti
413 1480 472 1529 sata
489 1475 562 1530 laeta
579 1474 717 1543 boumque
735 1475 841 1529 labores
944 1490 981 1528 aas

132 1551 229 1616 lliluit;
253 1552 391 1620 inplentur
409 1552 504 1618 fossae,
523 1556 552 1605 et
570 1569 636 1605 cava
654 1551 764 1604 flumina
781 1556 906 1606 crescunt

130 1627 197 1682 Cum
216 1629 313 1695 sonitu,
332 1629 474 1695 fervetque
492 1629 570 1681 fretis
589 1627 754 1696 spirantibus
771 1644 881 1696 aequor.

131 1705 194 1773 lpse
214 1705 297 1758 Pater
314 1705 404 1757 media
422 1703 575 1756 nimborum
593 1705 620 1756 in
639 1708 719 1758 noete
737 1720 847 1758 corusca

131 1781 255 1834 Fulmina
271 1781 382 1833 molitur
400 1780 514 1844 dextra;
538 1797 592 1848 quo
609 1797 736 1833 maxuma
753 1783 829 1833 motu

129 1857 214 1911 'l'erra
231 1858 331 1919 tremit
349 1857 444 1923 lugere
462 1856 544 1922 ferae,
562 1861 591 1910 et
609 1856 734 1908 mortalia
752 1856 834 1909 corda
942 1869 980 1908 aar

133 1933 183 1986 l‘er
200 1934 290 2001 gentis
308 1933 415 1985 humilis
433 1931 530 1985 stravit
548 1948 647 2000 pavor;
668 1932 714 1984 ille
732 1931 858 1999 flagranti

131 2011 188 2062 Aut
209 2009 309 2072 Athon,
327 2012 375 2061 aut
395 2007 555 2075 Rhodopen,
574 2011 622 2061 aut
640 2010 697 2061 alta
716 2008 850 2061 Ceraunia
869 2008 924 2061 telo

131 2085 241 2150 Delicit;
264 2085 431 2152 ingeminant
450 2084 536 2136 austri
556 2087 583 2136 et
602 2084 778 2137 densissimus
796 2083 899 2148 iniber3

130 2161 207 2214 Nunc
225 2178 336 2214 nemora
352 2161 456 2228 ingenti
475 2163 563 2227 vento,
582 2176 652 2212 nune
670 2160 750 2212 litora
768 2160 901 2228 plauigunt

130 2236 189 2290 lloc
208 2240 338 2304 metuens,
356 2237 422 2290 caeli
439 2253 546 2289 menses
564 2241 593 2289 et
610 2236 701 2290 sidera
719 2253 803 2302 serva,
942 2251 979 2290 aso

129 2311 240 2380 Frigida
259 2313 368 2366 Saturni
386 2329 445 2365 sese
463 2330 516 2380 quo
535 2312 614 2364 stella
631 2316 762 2380 receptet,

130 2388 202 2452 Quos
222 2389 293 2456 ignis
312 2388 379 2441 caeli
399 2388 534 2456 Cyllenius
553 2392 628 2441 erret
645 2388 673 2441 in
691 2387 770 2441 orbis.

129 2463 273 2532 Inprimis
292 2480 421 2516 venerare
440 2463 512 2529 deos,
532 2467 616 2532 atque
633 2481 723 2517 annua
740 2481 853 2531 niagnao

127 2540 208 2594 Saera
226 2541 299 2594 refer
317 2539 410 2592 Cereri
428 2539 506 2593 laetis
525 2544 653 2608 operatus
670 2541 698 2593 in
715 2538 815 2601 herbis,

127 2616 274 2670 Extremae
293 2615 343 2669 sub
361 2633 452 2669 casum
472 2615 574 2680 hiemis,
593 2616 646 2668 iam
664 2632 729 2670 vere
747 2632 848 2669 sereno.
941 2631 979 2670 an

126 2692 193 2745 Turn
212 2693 326 2762 pingues
345 2692 415 2760 agini,
433 2696 462 2746 et
481 2697 538 2746 tum
556 2691 714 2746 mollissima
731 2691 793 2745 uina

126 2767 192 2821 Turn
212 2769 296 2821 sunrni
316 2769 409 2822 dulces
428 2769 583 2837 densaeque
600 2769 628 2821 in
646 2767 784 2822 montibus
802 2769 914 2822 urnluae

126 2842 229 2896 Cuncta
248 2845 296 2897 tibi
316 2845 443 2898 Cererem
463 2845 549 2914 pubes
567 2845 685 2912 agrestis
703 2844 807 2911 adoret,

125 2918 173 2972 cai
192 2923 223 2973 tu
240 2920 311 2974 lacte
329 2923 404 2974 favos
422 2927 451 2975 et
468 2922 528 2975 initi
547 2921 621 2974 dilue
640 2921 754 2986 Baccho,

125 2995 230 3065 Terque
249 3015 331 3050 novas
349 2998 450 3051 circum
467 2998 531 3050 felix
550 3001 596 3050 eat
614 2996 703 3050 hostia
720 2996 819 3063 fruges,
940 3010 977 3049 sle

124 3071 217 3124 Omnis
236 3089 318 3140 quarn
337 3073 434 3126 chorus
452 3076 481 3125 ct
499 3073 563 3126 socii
582 3072 745 3126 comitentur
764 3077 883 3138 errantes,

127 3148 160 3200 Et
179 3150 307 3201 Cererem
326 3148 444 3201 clamore
462 3153 559 3201 vocent
577 3149 604 3200 in
622 3151 711 3212 tecta;
730 3165 818 3217 neque
836 3155 901 3204 aitte

127 3223 233 3278 l'alcem
251 3223 367 3278 maturis
386 3224 530 3293 quisquam
549 3227 684 3294 supponat
702 3224 801 3292 aristis,
