2290 3568
135 157 181 205 226
389 153 570 202 AENElDOS
589 153 659 202 LIB.
683 153 748 202 VII.

134 234 264 301 Sustinet,
286 235 424 287 Aetnaeos
442 233 579 287 efflantem
597 233 720 288 faucibus
738 233 816 302 ignis,

133 311 199 364 'l'am
217 311 303 378 magis
321 309 367 362 illa
384 310 504 362 fremens
523 313 552 363 01
570 310 696 364 tristibus
714 309 798 363 effera
816 309 939 376 flammis,

133 388 219 452 Quam
238 387 324 454 magis
342 386 427 439 effuse
445 385 612 440 crudescunt
630 385 761 454 sanguine
780 403 893 455 pugnae.

132 465 173 517 nt
191 465 279 518 levem
298 463 414 530 clipeum
433 462 547 516 sublatis
566 463 692 516 cornibus
712 463 744 516 10

133 543 209 594 Aure
227 539 381 612 insignibat,
407 540 460 593 iam
480 541 563 594 metis
583 540 678 608 obsita,
696 540 750 594 iam
769 540 825 606 bes,
949 553 984 600 700

132 619 334 684 Argumentum
352 617 455 684 ingens,
473 621 502 670 ct
519 620 612 670 custos
630 617 743 685 virginis
763 618 863 685 Argus,

131 694 298 762 caelataque
316 709 423 746 amnem
441 693 557 746 lundens
574 697 654 762 pater
673 693 789 746 Inachus
807 711 882 747 urna

130 769 290 839 Insequitur
307 769 415 823 nimbris
433 769 565 838 peditum,
583 770 754 839 clipeataque
772 771 839 824 tetis

130 847 250 914 Agmina
267 846 418 900 densentur
436 847 546 914 eampis,
565 847 724 915 Argivaque
742 847 830 915 pubes

130 923 330 991 Auruncaeque
348 939 452 989 manus,
472 922 568 976 Rutuli
586 927 748 991 veteresque
768 923 856 977 Sicani
946 936 981 976 res

130 999 165 1052 nt
184 999 319 1054 Sacranae
337 999 408 1054 ecies
427 1002 456 1053 et
474 999 540 1068 picti
558 1003 636 1052 scuta
654 999 761 1060 Labici;
842 1063 846 1069 Ι

129 1077 181 1140 Qui
199 1076 292 1142 saliua,
312 1075 445 1142 Tiberine,
465 1078 534 1143 tues,
553 1092 715 1144 sacrumque
734 1075 842 1128 Numici

128 1151 207 1206 Litus
224 1157 310 1219 arant,
330 1152 502 1220 Rutulosque
520 1154 649 1205 exercent
667 1167 776 1205 vomere
794 1151 876 1216 cellis,

128 1228 323 1296 Circaeumque
342 1229 443 1295 iugum,
463 1228 524 1296 quis
544 1228 670 1296 Iuppiter
689 1229 819 1281 Anxurus
838 1227 910 1282 arvis

128 1304 278 1371 Praesidet,
296 1308 325 1357 et
342 1304 423 1356 viridi
441 1303 565 1372 gaudens
584 1304 700 1357 Feronia
718 1304 793 1369 luee;
943 1319 979 1358 see

127 1381 187 1444 Qua
205 1381 321 1433 Saturae
339 1380 411 1434 iacet
429 1384 490 1432 atra
507 1379 593 1448 palus,
611 1379 775 1449 gelidusque
793 1397 843 1449 per
859 1381 928 1433 imas

127 1456 239 1520 Quaerit
257 1456 311 1510 iter
329 1455 405 1508 uallis
424 1459 507 1524 atque
525 1455 553 1507 in
571 1473 647 1510 mare
665 1456 792 1510 conditur
810 1456 903 1510 Ufens.

161 1533 221 1586 Hes
239 1549 321 1601 super
340 1531 452 1585 advenit
472 1531 570 1585 Velsea
589 1532 725 1600 degente
744 1533 865 1602 Camilla,

129 1610 235 1678 Agmen
254 1625 338 1677 agens
356 1609 480 1676 equitum
499 1614 528 1662 ct
545 1609 668 1662 florentis
686 1626 749 1664 aere
767 1614 896 1676 aeternas,

128 1685 268 1753 Bellatrix‚
287 1703 340 1739 nen
359 1685 406 1738 illa
424 1685 483 1738 0010
501 1685 649 1739 calathisve
669 1686 810 1740 illinervae
942 1701 977 1740 005

127 1761 270 1816 Femineas
287 1762 401 1815 adsueta
419 1778 522 1828 manus,
541 1761 590 1814 sed
607 1763 711 1830 proelia
729 1763 804 1830 virgo

127 1839 202 1892 Dura
219 1839 276 1908 pati
295 1855 431 1905 cursuque
449 1837 551 1906 pedum
569 1843 744 1906 praevertere
762 1842 864 1893 ventes.

128 1915 179 1968 Illa
196 1915 239 1968 rel
258 1915 377 1968 intactae
397 1916 498 1981 segetis
516 1931 565 1980 per
582 1930 687 1968 summa
705 1914 809 1968 velaret

126 1991 262 2057 Gramina,
281 2007 331 2043 nee
349 1995 457 2044 teneras
475 2007 556 2060 eursu
574 1990 698 2044 laesisset
715 1991 826 2056 aristas;

127 2067 179 2120 Vel
197 2083 272 2120 mare
289 2083 339 2134 per
357 2066 477 2119 medium
495 2066 579 2120 fluctu
597 2083 727 2135 suspensa
744 2062 862 2122 tumenti
940 2085 976 2123 me

127 2143 225 2196 Ferret
242 2143 304 2209 iter,
323 2143 419 2196 celeris
438 2159 488 2196 nee
506 2144 645 2210 tingueret
663 2160 782 2212 aequore
799 2144 913 2213 plantas.

128 2220 206 2274 lllam
225 2219 312 2272 emnis
329 2220 411 2274 tectis
430 2220 557 2288 agrisque
575 2219 660 2272 effusa
677 2221 803 2274 iuventus

126 2297 271 2364 Turbaque
289 2296 405 2350 miratur
423 2300 541 2348 matrum
561 2299 589 2348 et
606 2300 763 2363 prospectat
781 2300 898 2360 euntem,

128 2373 264 2428 Attonitis
282 2372 388 2424 inhians
407 2371 510 2435 animis,
527 2375 559 2424 ut
577 2372 669 2437 regius
687 2377 760 2424 estre

127 2449 211 2503 Velet
228 2448 313 2500 henes
330 2448 397 2500 levis
415 2447 549 2513 humeros,
568 2451 599 2499 ut
618 2447 700 2499 fibula
718 2448 820 2501 crinem
939 2467 976 2508 015

130 2527 206 2578 Auro
223 2524 397 2588 internectat,
416 2522 524 2589 Lyciam
542 2525 574 2574 ut
590 2526 670 2588 gerat
687 2522 746 2590 ipsa
763 2522 920 2590 pharetram

128 2601 164 2655 nt
181 2598 345 2670 pastoralem
363 2598 486 2667 praefixa
502 2597 614 2668 cuspide
632 2600 757 2668 myrtum.
