2290 3568
411 162 485 209 AEN
489 161 591 209 EIDOS
608 161 677 212 LIB.
699 161 746 209 Vl.
957 161 1002 212 197

154 240 271 297 Tantum
289 243 395 308 effatus,
414 245 443 294 et
461 241 489 294 in
507 241 590 295 verbo
608 242 723 310 vestigia
742 243 829 295 torsit.

190 318 311 386 Respicit
331 319 441 372 Aeneas
460 317 557 384 subito,
577 323 606 372 et
625 318 675 371 snb
694 335 761 386 rupe
781 319 890 372 sinistra

153 392 262 447 Moenia
280 395 337 448 lata
354 394 436 460 ridet,
456 395 555 462 triphci
575 393 743 447 circumdata
761 411 847 462 muro,

154 469 231 532 Quae
248 471 360 538 rapidus
379 471 495 524 flammis
513 471 600 524 ambit
618 471 787 524 torrentibus
806 469 899 536 amnis,
969 484 1005 522 555

155 545 300 600 Tartareus
320 547 498 614 Phlegethon,
517 551 685 614 torquetque
704 547 827 599 sonantia
846 562 918 599 saxa.

156 622 238 676 Porta
257 624 378 689 adversa,
397 625 499 691 ingens,
519 623 658 691 solidoque
677 623 822 676 adamante
841 623 987 684 columnae,

158 698 205 750 Vis
224 703 255 752 ut
274 700 347 752 nulla
365 701 461 767 virum,
481 717 534 752 non
553 699 603 766 ipsi
623 700 783 752 exscindere
801 698 873 752 bello

155 773 304 828 Caelicolae
323 777 446 840 valeant;
470 780 526 828 stat
544 775 633 828 ferrea
651 777 735 828 turris
754 776 789 828 ad
808 792 894 842 auras,

155 851 353 919 Tisiphoneque
372 853 478 917 sedens,
498 851 570 918 palla.
588 852 723 904 succincta
741 856 860 916 cruenta,
971 865 1006 902 555

158 927 328 981 Vestibulum
347 930 483 981 exsomnis
502 932 593 980 servat
611 931 758 995 noctesque
777 927 898 995 diesque.

157 1004 228 1057 llinc
247 1005 370 1057 exaudiri
390 1005 515 1070 ganutuS,
535 1008 564 1056 et
583 1019 663 1056 saeva
681 1019 777 1056 sonare

159 1079 293 1146 Verbera;
316 1085 375 1133 tum
394 1080 495 1132 stridor
513 1081 585 1147 ferri,
604 1083 763 1148 tractaeque
781 1084 900 1133 catenae.

112 1193 116 1204 .
157 1157 286 1210 Constitit
306 1159 421 1220 Aeneas,
441 1157 613 1224 strepituque
633 1158 784 1210 exterritus
800 1157 893 1209 haesit.

157 1233 231 1294 Quae
250 1233 381 1286 scelerum
400 1234 498 1286 faciest
521 1234 638 1300 ovirgo,
658 1233 755 1298 effare;
775 1233 907 1301 quibusve
970 1247 1006 1286 555

158 1309 315 1377 Urguentur
333 1311 443 1380 poenisl
463 1310 523 1379 quis
542 1314 636 1363 tantus
654 1310 767 1379 plangor
785 1309 820 1362 ad
840 1313 936 1364 aurasl

158 1385 224 1438 Tum
243 1390 319 1440 vates
338 1387 375 1440 sic
394 1404 455 1440 orsa
473 1387 561 1455 loqui:
585 1387 647 1439 Dux
666 1387 768 1440 inclute
788 1387 928 1452 Teucrum,

62 1475 63 1480 ’
158 1461 232 1514 Nulli
251 1463 291 1515 ias
309 1468 383 1516 casto
402 1465 564 1517 sceleratum
583 1464 709 1516 insistere
728 1463 825 1527 limcn;

158 1537 212 1591 Sed
230 1555 274 1592 me
292 1557 352 1592 cum
370 1540 437 1592 lucis
458 1541 563 1592 Hecate
582 1539 715 1607 praefecit
734 1541 858 1606 Auernis,

159 1615 222 1684 Ipsa
241 1615 322 1668 deum
340 1633 440 1683 poenas
459 1616 559 1679 docuit,
579 1633 682 1683 parque
701 1616 790 1668 omnia
808 1615 895 1668 duxit.
973 1629 1007 1669 555

158 1691 274 1744 Gnosius
292 1691 358 1744 haec
378 1691 603 1743 Rhadamanthus
621 1691 711 1756 habet,
732 1691 877 1744 durissima
894 1708 985 1759 regna,

158 1768 336 1835 Castigatque
354 1767 485 1835 auditque
505 1768 587 1834 dolos,
607 1767 764 1835 subigitque
782 1767 871 1834 fateri,

159 1844 234 1908 Quae
252 1845 313 1912 quis
331 1845 405 1913 apud
424 1862 543 1912 superos,
560 1845 634 1897 furto
652 1844 769 1897 laetatus
788 1844 868 1911 inani,

159 1921 272 1973 Distulit
289 1921 318 1973 in
337 1938 424 1974 seram
444 1921 586 1974 commissa
604 1921 710 1989 piacula
727 1925 851 1975 mortem.

159 1997 291 2050 Continuo
310 1999 395 2050 sentis
413 1999 497 2051 ultrix
517 1998 636 2050 accincta
654 1997 761 2065 flagello
972 2011 1008 2050 erc

159 2074 302 2142 Tisiphone
321 2075 412 2140 quatit
431 2075 570 2140 insultans,
591 2079 735 2141 torvosque
754 2074 863 2126 sinistra

161 2151 303 2202 intentans
322 2151 416 2216 anguis
435 2153 512 2202 vocat
531 2151 638 2216 agmina
657 2165 736 2200 saeva
755 2165 883 2201 sororum.

159 2227 226 2278 Tum
246 2225 357 2277 demum
375 2225 517 2276 horrisono
537 2224 685 2276 stridentes
704 2224 814 2276 cardine
833 2241 925 2278 sacrae

163 2302 319 2354 r'anduntur
338 2304 440 2369 portae.
480 2301 581 2367 Cernis,
600 2300 725 2352 custodia
743 2301 831 2368 qualis

161 2377 304 2431 Vestibulo
324 2378 435 2432 sedeatl
456 2378 536 2430 facies
555 2394 625 2444 quae
643 2377 735 2430 limina
754 2379 862 2432 servati
974 2394 1009 2432 575

161 2455 362 2523 Quinquaginta
381 2455 449 2508 atris
467 2455 582 2508 inmanis
600 2453 719 2507 hiatibus
739 2453 836 2522 Hydra

161 2532 270 2584 Saevior
287 2533 360 2586 intus
379 2532 462 2586 habet
482 2531 583 2585 sedem.
620 2531 687 2584 Tum
707 2531 838 2584 Tartarus
856 2532 915 2600 ipse

162 2607 208 2660 Bis
225 2612 302 2676 patet
320 2609 348 2661 in
366 2626 496 2677 praeceps
514 2612 621 2661 tantum
640 2607 786 2677 tenditque
804 2607 855 2661 sub
873 2607 992 2674 umbras,

161 2683 284 2748 Quantus
303 2685 339 2738 ad
357 2685 509 2738 aetherium
528 2685 596 2737 caeli
616 2688 757 2752 suspectus
776 2684 927 2753 Olympum.

164 2761 214 2814 llic
232 2777 317 2829 genus
336 2762 478 2829 antiquum
497 2761 604 2829 Terrae,
624 2760 729 2813 Titania
746 2759 840 2828 pubes,
973 2775 1007 2812 555

163 2837 285 2892 dulmine
304 2838 403 2891 deiecti
421 2837 505 2890 fundo
524 2836 669 2890 volvrmtur
686 2837 713 2888 in
731 2836 791 2890 imo.

163 2914 215 2967 Hic
233 2918 262 2967 et
282 2914 395 2967 Aloidas
412 2915 534 2981 geminos
551 2913 669 2966 inmania
687 2912 743 2965 vidi

160 2991 289 3061 Corpora,
308 2990 353 3058 qai
372 2990 495 3042 manibus
514 3006 643 3057 magnum
662 2989 818 3043 rescindere
837 2989 942 3043 caelum

161 3067 302 3135 Adgressi,
320 3067 480 3134 superisque
501 3067 594 3119 lovem
613 3065 762 3120 detrudere
779 3066 877 3133 regnis.

161 3143 225 3197 Vidi
244 3147 273 3197 ct
290 3143 409 3198 erudelis
427 3143 539 3197 dautem
558 3142 702 3196 Salmonea
720 3158 828 3210 poenas,
974 3157 1010 3197 555

161 3221 232 3274 Dum
250 3219 372 3274 flammas
391 3220 464 3274 Iovis
482 3223 511 3273 ct
529 3219 633 3272 sonitus
649 3219 772 3271 imitatur
791 3216 906 3285 Olympi.
