2290 3568
117 132 163 178 208
349 131 378 179 P.
399 128 550 176 VERGILI
568 127 732 174 MARONIS

119 211 278 266 Adventare
296 212 391 278 virum,
410 213 440 264 et
458 209 545 278 partis
563 211 658 277 petere
676 225 774 276 agmen
792 209 902 263 easdem

118 287 246 342 Partibus
264 305 298 342 ex
316 287 409 352 isdem,
428 290 457 340 et
476 303 581 340 summa
599 285 764 339 dominarier
781 302 850 340 arce.
858 305 921 394 J
945 301 969 339 ro

118 363 272 432 Praeterea,
290 364 371 417 castis
389 363 565 429 adoletudum
584 363 681 416 altaria
698 362 795 428 taedis,

118 441 158 494 Ut
176 441 252 495 iuxta
269 441 421 510 genitorem
440 440 532 493 adstat
551 439 664 492 Lavinia
681 439 765 506 virgo,

120 517 192 584 Visa,
211 518 293 585 nefas,
312 518 399 585 longis
417 516 603 584 conprendere
621 515 740 570 crinibus
758 517 857 584 ignem,

120 595 213 662 Atque
232 611 339 647 omnem
358 597 484 648 ornatum
503 593 612 646 flamma
630 593 782 660 crepitante
800 592 922 658 cremari,

120 670 284 739 Regalisque
302 687 413 724 accensa
431 686 528 735 comae,
547 686 660 722 accensa
678 685 811 732 coronam,
946 681 970 721 75

120 747 258 814 Insignem
277 748 405 814 gemmis3
423 751 482 799 turn
500 746 605 798 fumida
622 746 724 798 lumine
741 745 815 796 fulvo

120 823 232 891 involvi,
251 841 281 876 aa
300 824 366 877 totis
385 823 535 876 Volcanum
554 839 683 890 spargere
702 823 788 874 tectis

120 899 155 952 Id
173 917 237 954 vero
255 900 421 954 horrendum
439 917 470 953 ac
489 901 548 953 visu
566 899 690 952 mirabile
708 899 788 952 ferri:

119 977 245 1046 Namque
263 977 320 1030 fore
337 978 479 1030 inlustrem
498 977 569 1028 fama
588 976 707 1043 fatisque
725 975 860 1029 canebant

121 1053 219 1122 Ipsam,
239 1053 287 1106 sed
305 1054 404 1121 populo
422 1070 549 1120 inagnum
568 1051 733 1120 portendere
751 1052 859 1119 bellum,
946 1065 972 1104 so

121 1131 162 1182 At
180 1146 228 1182 rex
247 1129 378 1182 sollicitus
396 1129 532 1194 monstris,
551 1129 659 1181 oracula
679 1128 773 1194 Fauni,

121 1205 237 1258 Fatidici
256 1205 395 1272 genitoris,
413 1206 478 1270 adit,
497 1205 626 1272 lucosque
644 1205 695 1257 sub
713 1205 769 1256 alta

121 1281 244 1334 Consulit
264 1280 395 1344 Albunea,
414 1297 553 1333 nemorum
574 1297 644 1346 quae
662 1297 789 1334 maxuma
808 1298 884 1335 sacro

122 1357 209 1410 Fonte
227 1361 312 1423 sonat,
331 1374 493 1425 saevamque
512 1356 622 1409 exhalat
640 1372 723 1423 opaca
741 1358 890 1426 mephitim.

122 1433 195 1486 Hinc
214 1433 302 1486 Italae
320 1437 415 1500 gentes
433 1433 575 1500 omnisque
595 1432 726 1486 Oenotria
743 1433 825 1487 tellus
946 1448 971 1486 ss

122 1510 155 1562 In
174 1509 263 1562 dubiis
282 1526 410 1578 responsa
427 1515 540 1578 petuut;
558 1510 611 1564 hue
629 1510 700 1563 dona
718 1511 844 1564 sacerdos

122 1586 191 1639 Cum
209 1586 274 1640 tulit
292 1590 321 1640 et
338 1603 477 1640 caesarum
496 1588 586 1640 ovium
605 1586 655 1640 snb
673 1591 752 1640 nocte
771 1588 861 1640 silenti

124 1662 244 1716 Pellibus
261 1663 384 1716 incubuit
403 1665 497 1718 stratis
516 1680 678 1731 somnosque
695 1664 800 1732 petivit,

102 1797 104 1803 Α
122 1738 211 1792 Multa
229 1739 316 1792 modis
336 1741 479 1793 shuulacra
497 1741 573 1792 videt
592 1740 734 1792 volitantia
752 1740 833 1808 miris,

124 1816 159 1868 lit
177 1816 265 1869 varias
284 1817 361 1869 audit
378 1833 464 1883 voces,
483 1817 639 1884 fruiturque
657 1816 770 1867 deorum
948 1831 973 1870 ao

123 1893 279 1961 Conloquio,
299 1896 381 1959 atque
399 1893 459 1944 imis
479 1893 638 1946 Acheronta
655 1891 765 1943 adfatur
786 1892 909 1944 Auernis.

126 1969 177 2020 llio
195 1973 224 2021 ot
242 1972 300 2021 tum
318 1971 398 2035 pater
415 1969 473 2035 ipse
491 1972 588 2036 petens
606 1983 735 2034 responsa
754 1967 868 2020 Latinus

124 2044 240 2097 Centum
258 2043 392 2110 lanigeras
411 2043 549 2098 mactabat
566 2044 619 2098 rite
637 2043 764 2110 bidentis,

126 2123 219 2188 Atque
237 2121 333 2172 harum
352 2120 461 2174 effultus
479 2125 557 2188 tergo
576 2121 725 2188 stratisque
742 2120 849 2173 iacebat

125 2195 292 2251 Velleribus:
312 2196 402 2250 subita
420 2215 454 2250 es
473 2198 528 2251 alto
546 2214 598 2250 vox
616 2197 728 2250 reddita
746 2196 806 2249 luco
824 2201 880 2250 est:
953 2207 976 2248 9⁵

126 2274 168 2328 Ne
185 2278 249 2341 pete
268 2274 408 2326 connubiis
425 2278 517 2328 natam
535 2275 637 2328 sociare
656 2275 767 2336 Latinis

126 2349 148 2403 Ο
168 2367 229 2402 mea
246 2351 397 2418 progenies,
416 2351 541 2404 thalamis
559 2368 613 2403 neu
630 2350 712 2403 crede
730 2351 847 2417 paratis;

126 2427 240 2479 Externi
259 2427 371 2479 veniunt
389 2427 489 2494 generi,
508 2427 555 2494 qui
574 2427 703 2492 sanguine
722 2439 845 2477 nostrum

127 2504 233 2555 Nomen
251 2503 278 2554 in
297 2505 371 2554 astra
388 2501 485 2569 ferant,
504 2518 674 2570 quorumque
693 2500 727 2553 ab
746 2501 832 2568 stirpe
850 2506 964 2570 nepotes

64 2588 66 2592 '
127 2577 225 2631 Omnia
243 2578 294 2631 sub
312 2578 435 2646 pedibus,
455 2595 509 2646 qua
527 2578 571 2631 Sol
589 2581 737 2644 utriunque
755 2593 898 2630 recurrens
940 2593 976 2631 roo

127 2655 234 2723 Aspicit
253 2654 398 2721 Oceanum,
418 2655 541 2722 vertique
559 2654 672 2722 regique
690 2653 827 2706 videbunt,

128 2732 205 2784 Haec
223 2747 352 2799 responsa
370 2732 456 2799 patris
476 2731 561 2784 Fauni
579 2731 751 2798 monitusque
771 2729 861 2783 silenti

128 2808 215 2861 Nocte
233 2807 312 2860 datos
329 2824 383 2860 non
402 2808 460 2876 ipse
478 2824 527 2860 suo
544 2807 644 2876 premit
661 2824 708 2859 ore
728 2806 848 2872 Lat'uus,

128 2884 183 2938 Sed
201 2885 300 2938 circum
319 2884 374 2938 late
392 2885 508 2938 volitans
525 2885 578 2937 iam
598 2884 682 2936 Fama
699 2899 749 2950 per
766 2883 849 2936 nrbes

130 2962 264 3015 Ausonias
282 2960 390 3029 tulerat,
409 2979 469 3016 cum
490 2960 684 3014 Laomedontia
701 2959 787 3029 pubes
942 2972 978 3011 10⁶

129 3037 274 3092 Graminco
292 3038 367 3106 ripae
386 3039 511 3106 religavit
528 3037 562 3091 ab
580 3055 680 3105 aggere
698 3037 818 3090 classem.

164 3115 273 3168 Aeneas
290 3115 426 3183 primique
444 3115 527 3168 ducos
546 3119 574 3168 et
591 3114 703 3182 pulcher
723 3112 799 3166 Iulus

130 3190 250 3259 Corpora
268 3191 318 3244 sub
336 3192 419 3246 ramis
437 3192 578 3259 deponunt
596 3190 700 3243 arboris
718 3189 798 3252 altae,
