2268 3570
129 154 175 202 320
354 152 384 202 P.
398 151 548 201 VERGILI
566 149 731 199 MARONIS

129 233 190 287 Non
207 234 301 302 pudet,
320 251 336 287 o
355 233 458 302 Rutuli,
476 251 526 302 pro
544 233 648 287 cunctis
665 231 766 286 talibus
783 248 865 285 unam

129 308 275 363 Obiectare
293 310 428 364 animanti
447 327 595 363 numerone
613 327 647 362 an
666 308 769 362 viribus
786 307 866 375 acqui
941 320 977 360 23⁰

128 385 191 438 Non
203 387 315 439 sumusl
351 387 399 452 En,
411 403 504 439 omnes
517 390 546 439 et
559 387 642 439 Troes
655 389 683 438 et
697 383 821 438 Arcades
832 384 860 436 hi
873 385 944 448 sunt,

130 462 286 530 Fatalisque
304 479 408 530 manus,
426 463 531 516 intensa
550 463 661 516 Etruria
679 463 774 515 Turno.

129 538 184 590 Vix
202 538 316 604 hostem,
335 539 433 592 alterni
452 540 474 592 si
491 538 707 608 congrediamur,
726 538 865 592 habemus.

131 615 181 668 llle
200 615 311 683 quidem
329 615 366 668 ad
384 632 505 684 superos,
524 632 639 684 quorum
659 631 687 668 se
706 615 822 668 devovet
834 615 897 674 aris,

129 691 263 744 Succedet
281 692 360 754 sama,
379 691 513 760 vivusque
531 709 581 761 per
599 708 647 744 ora
664 691 770 744 feretur
780 712 786 756 ;
943 705 979 742 2:35

128 765 154 818 N
156 782 193 833 os,
211 766 301 834 patria
319 767 425 832 amissa,
445 767 561 819 dominis
579 783 678 835 parere
697 765 821 834 superbis

129 843 269 911 Cogemur‚
289 845 335 911 qui
353 860 425 896 nunc
442 843 509 896 lenti
527 843 698 896 consedimus
716 843 795 895 arvis.

128 919 238 974 Talibus
256 920 365 974 incensa
383 923 426 972 est
443 919 572 972 iuvenum
591 919 727 972 sententia
745 919 827 971 dictis

130 995 189 1049 lam
202 997 288 1064 magis
301 999 385 1064 atque
398 995 492 1063 magis
506 996 645 1063 serpitque
658 1013 707 1063 per
720 994 828 1062 agmina
840 1009 978 1058 murmur;

130 1073 186 1140 Ipsi
206 1072 357 1124 Laurentes
375 1072 473 1124 mutati
492 1071 597 1140 ipsique
616 1072 715 1125 Latini.
942 1084 979 1122 sse

129 1147 180 1212 Qui
200 1148 251 1201 sibi
270 1148 323 1200 iam
342 1147 465 1216 requiem
483 1163 590 1215 pugnae
608 1147 745 1216 rebusque
764 1146 879 1200 salutem

129 1222 290 1293 Sperabant,
308 1240 379 1278 nunc
398 1240 473 1276 arma
491 1224 591 1288 volunt,
609 1223 760 1291 foedusque
778 1225 926 1290 precantur

129 1300 273 1364 Inlectum,
291 1304 320 1353 et
339 1299 423 1352 Turni
442 1303 543 1352 sortem
562 1300 728 1352 miserantur
746 1299 873 1366 iniquam.

129 1377 182 1430 His
200 1375 275 1428 aliud
293 1377 380 1429 maius
400 1376 517 1428 Iutuma
534 1375 666 1444 adiungit,
685 1379 714 1428 et
731 1375 787 1428 alto

129 1452 184 1505 Dat
203 1452 309 1520 signum
327 1452 408 1518 caelo,
427 1469 481 1520 quo
499 1469 552 1505 non
570 1453 741 1520 praesentius
759 1451 843 1503 ullum
942 1465 978 1502 ass

129 1528 261 1582 Turbavit
278 1532 384 1582 mentes
404 1528 497 1594 Italas,
516 1532 692 1596 monstroque
709 1528 813 1581 fefellit.

129 1605 255 1674 Namque
273 1606 365 1658 volans
384 1604 468 1658 rubra
486 1605 575 1656 fulvus
595 1605 668 1657 lovis
686 1605 743 1657 ales
761 1605 789 1655 in
807 1602 904 1656 aethra

130 1681 254 1735 Litoreas
272 1681 395 1748 agitabat
413 1697 476 1734 aves
494 1681 658 1749 turbamque
677 1684 817 1733 sonantem

130 1757 256 1824 Agminis
274 1758 384 1824 aligeri:
403 1757 493 1810 subito
511 1773 572 1810 cnm
591 1757 682 1825 lapsus
699 1756 736 1809 ad
753 1755 841 1809 undas

129 1833 248 1902 Cycnum
267 1835 447 1888 excellentem
465 1832 583 1902 pedibus
601 1834 673 1902 rapit
691 1831 823 1900 inprobus
841 1825 924 1884 uncis.
941 1845 978 1884 aso

131 1914 269 1963 Arrexere
287 1911 390 1963 animos
409 1909 480 1974 Itali,
499 1913 665 1977 cunctaeque
683 1909 805 1961 volucres

130 1986 299 2040 Convertunt
317 1986 435 2039 clamore
453 1985 552 2052 lugam,
570 1984 694 2038 mirabile
712 1984 780 2050 visu,

130 2062 308 2130 Aetheraque
327 2061 474 2114 obscurant
492 2061 595 2129 pennis,
614 2060 776 2129 hostemque
795 2077 844 2128 per
862 2075 942 2113 auras

131 2138 213 2192 Facta
231 2137 304 2190 nube
322 2141 457 2206 premunt,
477 2137 563 2190 donee
580 2137 607 2190 vi
626 2137 714 2190 victus
732 2140 761 2189 et
779 2137 837 2204 ipso

131 2215 256 2269 Pondere
274 2215 382 2282 defecit,
401 2213 586 2282 praedamque
606 2230 639 2266 ex
658 2213 794 2280 rmguibus
812 2213 868 2265 ales
942 2227 978 2266 sss

132 2291 249 2344 Proiecit
267 2291 355 2357 fluvio,
374 2291 538 2359 penitusque
557 2290 584 2342 in
602 2289 694 2342 nubila
711 2289 788 2356 fugit.

130 2367 198 2421 Tum
217 2383 280 2421 vero
299 2368 441 2435 augurium
464 2366 558 2419 ltutuli
576 2366 693 2418 clamore
712 2365 839 2431 salutant,

132 2444 342 2511 lepediuntque
361 2460 473 2506 manus;
491 2443 650 2510 primusque
668 2440 826 2492 Tolumnius
844 2456 936 2508 augur,

133 2520 191 2572 Hoc
210 2523 276 2586 erat,
295 2519 352 2584 hoc,
372 2520 449 2583 votis,
469 2517 566 2585 inquit,
584 2517 658 2584 qnod
676 2531 758 2584 saepe
776 2516 868 2583 petivi.

132 2595 251 2664 Accipio,
270 2596 460 2663 adgnoscoque
479 2594 561 2658 deos;
579 2609 630 2658 me,
648 2608 692 2644 me
710 2592 779 2645 duce
797 2591 900 2644 ferrum
943 2606 988 2674 seu,

131 2672 276 2740 Corripite,
295 2688 311 2724 o
329 2672 430 2738 miseri,
449 2685 517 2739 quos
535 2668 664 2736 inprobus
682 2667 786 2721 advena
804 2667 875 2720 bello

118 2745 258 2812 'Territat
278 2747 411 2800 invalidas
429 2750 461 2799 ut
479 2761 549 2810 aves
568 2748 596 2798 et
614 2745 695 2798 litora
713 2747 806 2798 vestra

134 2823 167 2876 Vi
186 2823 307 2892 populat.
345 2823 426 2876 Petet
444 2822 490 2875 ille
508 2823 608 2889 fugam,
627 2821 791 2890 penitusque
809 2820 944 2889 prolundo

135 2899 201 2952 Vela
219 2898 303 2952 dabit.
339 2897 396 2951 Vos
415 2897 535 2951 unanimi
553 2897 667 2950 densato
685 2900 815 2964 catervae,
889 2896 898 2912 ⁰

133 2974 169 3028 nt
187 2991 280 3042 regem
299 2973 376 3027 vobis
394 2990 485 3042 pugna
503 2972 645 3026 defendite
663 2975 779 3042 raptum.
942 2987 978 3025 aas

132 3049 217 3116 Dixit,
236 3054 265 3102 et
283 3049 413 3102 adversos
430 3049 515 3103 telum
535 3049 666 3102 contorsit
684 3049 711 3102 in
729 3049 815 3103 hostis

133 3124 313 3191 Procurrens;
331 3127 449 3180 sonitum
469 3126 517 3179 dat
536 3125 652 3179 stridula
670 3141 774 3192 cornus,
794 3129 822 3179 et
839 3141 919 3179 auras

133 3201 216 3256 Certa
228 3205 309 3257 secat.
345 3202 430 3258 Simul
443 3202 499 3269 boc,
513 3203 592 3255 simul
604 3203 701 3270 ingens
713 3201 821 3264 clamor,
833 3205 862 3254 et
874 3217 967 3255 omnes
