2266 3562
18 148 21 152 '
84 207 85 211 ,
123 155 165 211 'cc
371 162 399 210 r.
419 162 571 211 Veserm
589 162 752 210 nasonis

136 242 272 297 Plurimus
291 242 445 295 Alburnum
463 242 588 310 volitans,
606 243 649 296 eui
666 259 764 297 nomen
782 245 848 299 asilo

136 319 288 372 Romanurn
306 322 356 385 est,
375 324 496 372 oestrum
516 319 591 373 Graii
610 322 718 373 vertere
735 325 869 390 vocantes,

136 399 233 464 Asper,
253 394 352 449 acerba
369 413 475 463 sonans,
495 412 548 464 quo
567 399 627 448 tota
645 397 778 450 exterrita
796 399 869 452 silvis

137 472 288 540 Diffugiunt
306 477 444 536 armenta;
461 472 528 526 furit
545 473 695 540 mugitibus
712 475 809 526 aether
953 488 989 528 rso

136 550 287 604 Concussus
306 549 442 616 silvaeque
462 553 490 602 et
509 549 571 603 sicci
590 550 649 617 ripa
667 549 789 618 Tanagri.

137 627 198 680 Hoc
215 626 351 695 quondam
372 630 493 679 monstro
511 625 648 679 horribilis
667 628 788 680 exercuit
805 628 860 681 iras

139 702 263 756 Inachiae
283 703 352 755 Iuno
370 705 476 770 pestem
495 702 629 756 meditata
646 702 781 756 iuvencae.

138 780 219 834 Hunc
238 796 353 847 quoque,
373 795 434 830 nam
453 778 550 832 mediis
568 779 719 832 fervoribus
737 779 826 833 acrior
842 780 934 847 instat,

139 857 253 909 Arcebis
271 855 383 923 gravido
402 855 500 922 pecori,
518 859 696 924 armentaque
714 872 809 924 pasces
954 870 989 910 rsa

137 933 199 987 Sole
217 950 311 986 recens
329 936 390 985 orto
408 935 456 985 aut
474 936 581 986 noctem
600 932 763 986 ducentibus
780 933 870 988 astris.

173 1010 238 1063 Post
256 1013 365 1078 partum
383 1026 447 1063 eura
465 1009 492 1062 in
511 1009 609 1062 vitulos
627 1009 782 1062 traducitur
800 1009 902 1073 omnis;

138 1087 326 1155 Continuoque
345 1090 424 1140 notas
443 1091 471 1139 et
489 1086 597 1139 nomina
614 1086 705 1154 gentis
723 1086 841 1152 inurunt,

138 1164 175 1216 lli
193 1179 260 1231 quos
277 1166 326 1215 aut
344 1163 435 1231 pecori
453 1163 550 1222 malint
568 1161 731 1216 submittere
749 1161 882 1230 habendo,

139 1243 198 1292 Aut
215 1239 269 1292 aris
288 1255 397 1292 servare
416 1255 512 1303 sacros,
530 1243 578 1292 aut
596 1239 721 1292 scindere
738 1242 841 1292 terram
954 1255 990 1293 roo

139 1314 174 1368 Et
192 1332 315 1383 eampum
334 1316 490 1368 horrentem
508 1315 602 1368 fractis
619 1316 756 1369 invertere
773 1315 883 1383 glaebis

139 1392 237 1445 Cetera
254 1397 402 1460 pascuntur
422 1392 515 1445 viridis
533 1396 657 1446 armenta
674 1409 724 1460 per
742 1392 853 1446 herbas:

139 1470 179 1522 Tu
198 1485 265 1536 quos
283 1468 319 1521 ad
338 1469 457 1521 studium
475 1472 560 1537 atque
578 1485 656 1522 usum
673 1468 803 1522 formabis
820 1474 966 1536 agrestem,

140 1548 199 1600 Iam
218 1547 316 1600 vitulos
335 1545 452 1610 hortare,
472 1545 597 1613 viamque
615 1546 710 1599 insiste
729 1544 867 1612 domandi,

140 1624 212 1676 Dum
230 1623 322 1676 faciles
341 1622 422 1674 animi
441 1623 576 1688 iuvenum,
597 1622 662 1674 dum
681 1621 786 1674 mobilis
804 1624 894 1674 aetas:
956 1635 991 1674 roo

140 1703 182 1753 Ac
199 1701 317 1769 primum
335 1699 411 1752 laxos
429 1699 505 1752 tenui
524 1698 559 1750 de
577 1697 677 1751 vimine
695 1699 789 1752 circlos

140 1777 244 1831 Cervici
263 1776 409 1840 subnectc;
428 1774 532 1839 dehinc,
550 1775 597 1828 ubi
615 1774 703 1828 libera
721 1774 789 1828 eolla

140 1854 256 1907 Servitia
275 1853 422 1917 adsuerint,
441 1852 506 1919 ipsis
526 1868 541 1905 o
560 1851 704 1920 torquibus
723 1856 801 1920 aptos

142 1932 227 1998 lunge
245 1946 332 1998 pares,
351 1933 380 1982 et
398 1946 464 1996 coge
482 1928 598 1995 gradum
616 1929 740 1982 conferre
758 1929 899 1992 iuvencos3

141 2009 235 2074 Atque
253 2006 305 2058 illis
323 2005 377 2058 iam
396 2022 476 2072 saepe
494 2008 571 2058 rotae
590 2007 725 2058 ducantur
743 2006 836 2058 inanes
958 2019 994 2059 uo

142 2084 194 2136 Per
212 2087 322 2149 terram,
342 2086 370 2135 et
389 2099 493 2134 summo
512 2082 627 2149 vestigia
645 2082 758 2151 pulvere
776 2083 885 2149 signent
891 2101 900 2144 ;

142 2161 206 2212 Post
225 2158 314 2211 valido
333 2159 422 2212 nitens
441 2158 491 2212 sub
509 2158 631 2226 pondere
650 2160 755 2226 faginus
774 2159 832 2211 axis

142 2237 288 2304 instrepat,
308 2240 336 2288 et
355 2235 460 2290 iunctos
479 2240 552 2289 temo
571 2235 665 2289 trahat
684 2252 779 2288 aereus
798 2234 879 2288 orbis.

144 2313 252 2366 interea
269 2312 334 2379 pubi
354 2312 502 2364 indomitae
520 2329 573 2364 non
592 2313 716 2379 gramina
734 2315 851 2376 tantum,

141 2389 199 2442 Nec
217 2406 309 2441 vescas
328 2389 438 2441 salicum
457 2389 568 2441 frondes
586 2389 730 2455 ulvamque
748 2389 905 2456 palustrem,
960 2403 994 2442 us

141 2466 196 2520 Sed
208 2466 346 2518 frumenta
364 2481 445 2516 manu
463 2481 558 2532 carpes
578 2469 652 2529 sata;
670 2482 719 2518 nec
738 2465 789 2518 tibi
807 2466 886 2531 setae,

142 2541 219 2595 More
237 2546 353 2610 patrum,
372 2542 449 2594 nivea
466 2541 609 2608 inplebant
627 2542 784 2595 mulctraria
802 2559 904 2607 vaccae,

141 2618 196 2672 Sed
215 2622 274 2672 tota
292 2619 319 2670 in
338 2617 425 2670 dulcis
444 2621 603 2671 consument
621 2617 706 2671 ubera
723 2622 807 2670 natos.

176 2695 223 2750 Sin
241 2695 277 2748 ad
294 2694 367 2747 bella
386 2695 471 2762 magis
491 2695 612 2748 studium
631 2697 790 2761 turmasque
809 2695 913 2761 ferocis,

144 2773 201 2826 Aut
222 2772 329 2840 Alphea
347 2773 414 2824 rotis
433 2771 554 2840 praelabi
573 2771 684 2823 flumina
703 2770 789 2836 Pisae,
961 2786 997 2824 rso

143 2849 178 2901 aa
198 2848 269 2900 loris
287 2849 314 2900 in
333 2848 393 2900 luco
412 2865 507 2900 currus
525 2849 630 2915 agitare
648 2846 777 2901 volantis:

143 2925 250 2978 Primus
268 2925 332 2993 equi
351 2924 427 2977 labor
446 2929 496 2990 cst,
515 2925 619 2976 animos
637 2927 720 2989 atque
739 2939 814 2978 arma
832 2926 926 2978 videre

145 3001 307 3068 Bellantum‚
325 3002 462 3068 lituosque
480 3001 545 3068 pati,
564 3003 708 3067 tractuque
726 3005 882 3066 gementem

144 3077 228 3132 Ferre
246 3082 342 3143 rotam,
362 3081 390 3130 ct
410 3077 518 3129 stabulo
536 3077 627 3129 frenos
646 3075 741 3127 audire
761 3078 899 3141 sonantis;

143 3153 211 3206 Tum
229 3155 314 3223 magis
332 3158 416 3222 atque
435 3154 521 3221 magis
538 3152 646 3205 blandis
664 3150 784 3217 gaudere
802 3153 927 3219 magistri
961 3167 996 3206 ass

145 3229 283 3284 Laudibus
302 3233 330 3284 et
348 3230 459 3298 plausae
478 3230 594 3282 sonitum
613 3226 724 3281 cervicis
742 3241 841 3280 amare.
