2268 3570
422 154 607 203 AENEIDOS
629 155 699 206 LIB.
721 155 756 204 X.
969 160 1016 206 2⁸5

167 234 306 306 Defendit,
324 239 480 306 multosque
498 238 576 306 palus
595 237 750 302 Laurentia,
769 238 837 292 silva

166 313 266 367 Paetus
278 315 435 381 arundineo,
447 319 591 382 postquam
603 314 676 367 inter
688 314 760 368 retia
771 318 883 368 ventum
896 319 946 375 est.
981 330 1017 370 no

165 387 303 456 Substitit,
321 390 517 457 infremuitque
535 389 611 441 ferox
629 393 659 441 et
677 387 813 442 inhorruit
831 405 938 454 armos;

165 463 223 518 Nec
241 466 367 533 cuiquam
385 466 472 520 irasci'
483 465 629 534 propiusve
647 464 778 518 accedere
796 466 890 533 virtus,

164 540 219 593 Sed
237 541 332 595 iaculis
350 543 473 612 tutisque
490 541 584 610 procul
603 541 766 594 clamoribus
784 542 902 596 instant:

119 631 121 634 ·
166 617 249 670 Haud
267 619 355 686 aliter,
375 621 463 674 iustae
481 617 581 687 quibus
600 622 642 672 est
661 617 816 672 Mezentius
833 619 898 685 irae,

110 727 113 735 ·
166 692 224 747 Non
243 693 290 748 ulli
309 700 352 752 est
371 699 477 750 animus
496 695 591 748 stricto
609 711 770 748 concurrere
788 695 874 760 ferro;
981 712 1017 752 no

161 769 313 825 Missilibus
330 773 412 841 longe
430 776 460 826 et
477 775 555 824 vasto
571 771 690 824 elamore
709 770 860 825 lacessunt:

164 845 215 900 llle
232 851 324 902 cirtem
342 849 486 918 inpavidus
503 847 591 916 partis
608 851 753 900 ermetatur
770 848 798 900 in
816 849 911 917 omnis,

163 921 300 977 Dentibus
317 925 484 992 infrendens,
503 927 532 976 ct
551 927 629 991 tergo
651 923 757 976 decutit
775 922 875 978 hastas.

162 997 285 1054 Venerat
303 1002 424 1070 antiquis
443 999 555 1068 Corythi
574 999 609 1052 de
629 999 727 1052 finibus
748 1001 848 1068 Acron,

161 1075 259 1130 Graius
272 1076 359 1143 home,
372 1077 487 1130 infectos
500 1076 625 1143 linquens
639 1076 769 1143 profugus
782 1075 957 1145 hyrnenaeos;
979 1094 1016 1134 rau

162 1151 242 1206 Hune
260 1152 307 1206 ubi
326 1154 486 1208 miscentem
504 1151 585 1219 longe
603 1151 695 1204 inedia
713 1152 823 1219 agmina
838 1153 918 1221 uidit,

162 1227 332 1296 Purpureum
351 1230 446 1298 pennis
465 1232 493 1284 et
511 1232 608 1297 pactae
627 1227 747 1295 coniugis
766 1233 854 1282 ostro:

161 1303 290 1373 inpastus
308 1305 416 1360 stabula
434 1306 490 1360 alta
507 1305 551 1358 loo
569 1300 619 1358 ceu
637 1320 719 1372 saepe
737 1321 894 1374 peragrans,

160 1379 264 1435 Suadet
282 1383 353 1434 enirn
372 1399 472 1436 vesana
490 1382 583 1447 lanies,
602 1381 625 1434 si
644 1381 714 1434 forte
732 1381 858 1449 fugacem

160 1455 309 1526 Conspexit
329 1475 463 1527 capream,
482 1462 531 1511 aut
549 1461 709 1525 surgentem
728 1458 756 1510 iu
777 1475 878 1512 cornua
895 1476 1013 1532 cervum,

160 1531 276 1597 Gaudet,
295 1534 372 1588 hians
391 1535 506 1601 inmane,
525 1551 669 1601 comasque
687 1535 800 1600 arrexit,
819 1540 848 1588 et
865 1535 961 1590 haeret

160 1608 317 1664 Visceribus
336 1628 419 1680 super
437 1611 611 1675 incumbens;
630 1610 697 1664 lavit
715 1610 831 1678 inproba
849 1614 940 1666 taeter

159 1685 215 1740 Ora
233 1704 329 1741 cruor:

159 1761 202 1817 Sic
221 1764 277 1818 ruit
295 1764 323 1816 in
342 1764 440 1817 densos
458 1764 547 1818 alacer
566 1762 718 1816 Mezentius
737 1761 832 1817 hostis.

159 1839 298 1893 Sternitur
315 1840 408 1893 infelix
429 1843 529 1906 Acron,
548 1843 578 1893 et
595 1838 714 1893 calcibus
732 1843 821 1892 atram
977 1857 1012 1898 7³0

158 1915 260 1970 'Fundit
278 1916 390 1970 humum
409 1917 557 1986 exspirans,
577 1916 748 1984 infractaque
766 1915 822 1969 tela
840 1921 973 1973 cruentat.

160 1993 254 2060 Atque
272 1993 344 2046 ideur
363 1994 513 2060 fugientem
531 1993 605 2046 haud
623 1999 665 2046 est
684 1992 813 2060 diguatus
832 1992 941 2048 Oroden

158 2067 295 2135 Sternere,
314 2087 363 2122 nec
381 2070 453 2123 iacta
470 2087 580 2122 caecum
598 2070 665 2122 dare
682 2069 794 2136 cuspide
812 2070 926 2136 volnus3

158 2143 262 2198 Obvius
281 2145 450 2213 adversoque
469 2146 594 2211 occurrit,
613 2162 697 2213 seque
716 2145 774 2197 viro
793 2145 834 2196 vir

158 2221 288 2289 Contulit,
307 2221 381 2274 haud
399 2222 472 2276 furto
492 2222 593 2286 melior,
612 2221 661 2274 sed
679 2219 795 2274 fortibus
813 2222 904 2274 armis.
975 2237 1011 2276 rao

69 2292 82 2314 ⁰
158 2298 224 2350 Turn
244 2315 326 2366 super
344 2297 480 2350 abiectum
500 2297 589 2366 posito
608 2297 679 2365 pede
698 2297 778 2350 nixus
796 2301 825 2350 et
843 2297 935 2352 hasta:

159 2373 225 2426 Pars
243 2374 307 2428 belli
326 2374 400 2428 haud
418 2374 573 2440 temnenda,
594 2374 652 2440 viri,
671 2374 742 2428 iacet
760 2373 832 2426 altus
852 2374 965 2428 Orodes.

157 2449 332 2505 Conclamant
351 2450 414 2504 socii
433 2451 534 2504 laetum
553 2467 658 2519 paeana
676 2450 769 2504 secuti.

160 2526 209 2579 llle
227 2532 318 2582 autern
338 2529 492 2596 exspirans:
512 2528 573 2580 Non
592 2545 643 2595 ine,
661 2528 826 2596 quicumque
844 2544 880 2592 es,
898 2527 992 2595 inulto,

157 2602 261 2668 Victor,
280 2622 330 2658 nec
348 2605 457 2672 longum
477 2605 631 2668 laetaber03
650 2610 678 2659 tc
697 2621 806 2673 quoque
823 2603 881 2657 fata
974 2619 1011 2658 rm

158 2678 338 2748 Prospectant
355 2682 438 2749 paria,
458 2685 541 2749 atque
560 2681 655 2734 cadem
674 2698 737 2734 rnox
755 2697 821 2734 arva
839 2680 952 2734 tenebis.

159 2754 205 2808 Ad
224 2772 305 2823 quern
325 2756 469 2810 subridens
488 2759 574 2811 mixta
593 2757 746 2811 Mezentius
764 2757 817 2810 ira:

157 2829 235 2884 Nunc
245 2848 357 2885 morere.
378 2835 431 2886 Ast
441 2833 476 2886 dc
487 2850 529 2886 me
539 2835 630 2886 divom
638 2835 718 2902 pater
726 2833 1008 2901 atquebominumrex

159 2906 274 2960 Viderit
307 2908 367 2960 lloc
386 2907 479 2962 dicens
497 2909 593 2964 eduxit
611 2927 724 2979 corpore
742 2909 836 2962 telum.

156 2982 210 3036 Olli
229 2983 299 3037 dura
317 2983 394 3052 quies
412 2985 502 3039 oculos
519 2990 548 3040 et
566 2987 671 3040 ferreus
689 2989 788 3054 urguet
972 3002 1008 3042 ret

157 3059 286 3126 Somnus3
305 3062 332 3112 in
350 3065 488 3114 aetcmanr
508 3063 673 3119 clauduntur
691 3063 793 3116 lumina
810 3065 925 3117 noctem.

157 3136 290 3190 Caedicus
310 3137 473 3190 Alcathoum
491 3138 644 3206 obtruncat,
664 3139 791 3193 Sacrator
811 3138 967 3208 Hydaspen,

157 3212 390 3282 Partheniumque
411 3214 487 3282 ltapo
505 3218 535 3266 ct
552 3216 718 3282 praedurum
737 3211 840 3266 viribus
860 3213 954 3278 Orsen,
