2290 3568
397 147 581 195 AENEIDOS
599 146 668 196 ΜΒ.
692 144 770 194 VIII.
966 147 1008 196 23]

160 227 195 282 Et
213 243 297 294 mare,
317 226 390 294 quod
409 242 497 295 supra,
516 228 637 286 teneant,
656 225 785 294 quodque
803 225 891 280 adluit
908 225 985 280 iufra.

160 303 264 372 Accipe
282 304 373 370 daque
391 302 482 355 tidem.
519 301 588 355 Sunt
606 301 684 354 nobis
701 302 784 356 fortia
801 300 873 354 bello
977 315 1013 356 1⁵⁰

161 380 283 446 Pectora,
302 384 366 432 sunt
384 379 466 432 animi
484 383 514 432 et
531 379 614 432 rebus
633 383 757 447 spectata
774 379 908 432 iuventus.

161 454 276 508 Dixerat
295 456 410 510 Aeneas.
449 456 500 508 llle
518 471 548 508 os
567 455 712 524 oculosque
730 455 867 524 loquentis

162 529 325 586 Iamdudum
342 536 371 586 et
390 536 479 587 totum
497 530 633 586 lustrabat
650 532 751 586 lumine
769 547 874 600 corpus.

160 607 228 662 'lum
247 609 285 662 sic
301 627 388 678 pauca
405 610 503 664 refert:
523 609 563 664 Ut
580 612 617 674 te,
636 609 784 662 fortissime
802 609 944 675 Teucrum,

161 685 274 754 Accipio
292 686 484 755 adgnoscoque
501 684 601 740 libens!
621 689 652 739 ut
670 686 755 740 verba
772 686 895 754 parentis
978 699 1013 738 iat

161 760 197 814 Et
214 777 307 816 vocem
327 763 463 818 Anchisae
481 766 572 831 magni
591 763 748 830 voltumque
766 761 905 815 recordor!

162 836 232 890 Nam
250 839 359 892 memini
379 840 516 892 Hesionae
534 840 665 893 visentem
684 856 769 906 regna
787 839 886 891 sororis

161 913 410 969 Laomedontiaden
430 917 575 983 Priamum,
594 917 730 970 Salamina
746 919 895 984 petentem,

161 989 288 1045 Protinus
308 992 444 1046 Arcadiae
462 992 566 1060 gelidos
585 993 702 1046 invisere
720 992 788 1046 finis.
875 1045 879 1056 ,

160 1066 228 1120 'lum
246 1069 311 1121 mihi
329 1069 416 1137 prima
433 1085 517 1136 genas
536 1069 655 1122 vestibat
672 1069 739 1122 flore
757 1069 882 1132 iuventam
978 1081 1014 1120 roo

161 1143 337 1213 Mirabarque
355 1144 438 1198 duces
456 1145 581 1211 Teucros,
600 1145 720 1199 mirabar
738 1148 768 1200 et
785 1145 874 1213 ipsum

161 1219 423 1287 Laomedontiadem
442 1221 491 1274 scd
509 1223 613 1276 cunctis
631 1222 712 1276 altior
729 1221 787 1276 ibat

162 1297 302 1352 Anchises.
339 1298 407 1352 Mihi
426 1315 503 1351 mens
520 1299 637 1353 iuvenali
655 1298 770 1352 ardebat
788 1315 879 1352 amore

162 1371 330 1442 Compellare
348 1375 442 1441 vimm,
462 1380 491 1429 et
509 1376 624 1429 dextrae
643 1377 807 1443 coniungere
825 1375 967 1438 dextmm3

162 1450 278 1516 Accessi,
298 1455 326 1504 et
344 1451 458 1517 cupidus
479 1451 579 1505 Phenei
599 1452 650 1505 sub
668 1452 775 1505 moenia
793 1451 866 1506 duxi.
978 1465 1013 1504 ms

162 1523 213 1577 Ille
231 1526 297 1578 mihi
315 1527 447 1593 insignem
465 1528 623 1592 pharetram
642 1528 791 1596 Lyciasque
810 1528 925 1594 sagittas

163 1599 313 1654 Discedens
332 1601 556 1670 chlamydemque
575 1620 641 1656 auro
659 1605 737 1656 dedit
754 1604 939 1670 intertextam,

165 1676 305 1745 Frenaque
322 1677 393 1745 bina,
411 1695 487 1730 incus
506 1695 575 1746 quae
592 1697 663 1732 nunc
681 1679 773 1745 habet,
792 1696 881 1743 aurea,
901 1679 995 1733 ¹Pallas¹

164 1752 233 1820 llrgo
252 1757 288 1820 et,
305 1770 386 1822 quam
404 1755 504 1823 petitis,
522 1755 613 1808 iuncta
632 1759 675 1809 est
692 1755 758 1808 mihi
777 1755 889 1808 foedere
907 1755 1010 1820 dextro,

162 1829 204 1896 Et,
222 1829 269 1882 lux
287 1847 348 1883 cum
367 1831 485 1899 primum
503 1831 586 1884 terris
605 1849 634 1885 se
651 1832 770 1886 crastina
788 1831 895 1899 reddet,
977 1843 1013 1884 17⁰

162 1905 272 1959 Auxilio
288 1907 374 1960 laetos
393 1906 539 1976 dimittam,
558 1908 710 1977 opibusque
727 1907 832 1961 iuvabo.

162 1981 273 2039 interea
291 2000 368 2037 saera
385 1983 458 2052 haec,
478 1984 586 2053 quando
604 1984 657 2038 huc
674 1985 786 2038 venistis
805 1985 891 2052 amici,

163 2060 267 2126 Annua,
286 2077 356 2128 quac
375 2060 484 2113 differre
502 2062 586 2127 nefas,
605 2061 741 2114 celebrate
759 2061 881 2114 faventes

162 2134 316 2202 Nobiscum,
335 2139 364 2188 et
381 2135 435 2188 iam
453 2153 523 2188 nunc
542 2136 674 2188 sociorum
692 2137 845 2189 adsuescite
862 2135 969 2189 mensis.

197 2209 272 2264 Haec
289 2210 335 2262 ubi
354 2211 433 2277 dicta,
452 2211 536 2278 dapes
555 2211 632 2263 iubet
650 2215 679 2265 et
697 2211 803 2264 sublata
820 2211 916 2279 reponi
978 2226 1012 2265 17⁵

164 2287 268 2355 Pocula,
285 2287 479 2355 gramineoque
497 2286 569 2339 viros
588 2287 659 2340 locat
676 2287 735 2355 ipse
753 2286 839 2350 sedili,

164 2364 395 2432 Praecipuumque
413 2367 473 2416 toro
492 2366 520 2416 et
538 2363 624 2415 villosi
642 2363 713 2431 pelle
731 2362 816 2416 leonis

163 2440 270 2507 Accipit
290 2443 410 2506 Aenean,
430 2439 550 2508 solioque
567 2439 666 2493 invitat
683 2456 787 2493 acerno.

162 2516 228 2570 Turn
246 2517 309 2571 lecti
327 2518 438 2571 iuvenes
455 2517 582 2570 certatim
601 2533 720 2585 araeque
740 2516 867 2570 sacerdos

163 2593 273 2647 Viscera
283 2597 357 2647 tosta
367 2595 459 2647 ferunt
471 2598 618 2660 taurorum,
631 2597 798 2661 onerantque
816 2593 941 2646 canistris
976 2607 1012 2646 ιω

163 2670 241 2722 llona
258 2669 397 2724 laboratae
417 2670 531 2737 Cereris,
551 2669 743 2736 Bacchumque
761 2669 924 2723 ministrant.

166 2746 290 2799 Vescitur
309 2747 417 2800 Aeneas
435 2747 514 2800 simul
533 2749 562 2800 et
580 2747 694 2800 Troiana
712 2746 839 2798 iuventus

162 2822 292 2890 Perpetui
309 2827 388 2890 tergo
405 2823 482 2876 bovis
500 2826 530 2876 et
548 2821 708 2875 lustralibus
726 2822 805 2875 extis.

197 2899 345 2967 Postquam
358 2902 486 2967 exempta
497 2899 583 2952 fames
595 2903 623 2952 et
635 2915 711 2950 amor·
722 2913 891 2966 compressus
904 2897 1011 2972 edendi,

161 2975 221 3029 Rex
241 2975 385 3028 Euandrus
402 2977 455 3029 ait:
473 2975 498 3028 N
501 2992 535 3028 011
554 2975 620 3028 haec
639 2974 779 3027 sollemnia
796 2973 880 3039 nobis,
977 2990 1011 3028 iss

162 3051 222 3105 Has
240 3069 274 3105 ex
292 3069 368 3105 more
387 3052 478 3124 dapes,
498 3051 567 3104 hanc
584 3051 654 3104 tanti
673 3051 790 3103 numinis
808 3067 882 3102 aram

162 3128 240 3182 Vana
258 3128 415 3197 superstitio
433 3132 611 3196 veterumque
629 3129 724 3195 ignara
741 3126 854 3180 deornm

165 3205 297 3275 Inposuit:
316 3206 411 3272 saevis,
429 3204 527 3273 hospes
545 3204 668 3270 Troiane,
686 3202 796 3271 periclis
