2266 3562
135 179 166 226 2⁶2
364 177 389 224 Ρ,
419 177 569 224 vnnelni
593 173 761 224 MARONJs

135 255 220 311 Venit
238 260 268 311 et
285 257 388 324 agresti
407 257 506 324 capitis
525 256 649 308 Silvanus
667 255 778 322 honore,

135 333 274 387 ll'lorcntis
291 332 392 386 ferulas
411 336 440 384 et
457 331 573 398 grandia
590 331 646 384 lilia
666 348 804 400 quassaua
965 349 990 388 as

136 411 191 463 Pan
211 409 280 462 deus
300 407 437 461 Arcadiae
455 407 537 473 veuit,
556 424 638 475 quem
657 407 774 461 vidimus
791 409 844 476 ipsi

134 484 293 554 Sanguineis
312 483 385 537 ebuli
405 483 481 536 bacis
498 484 638 552 minioque
657 483 808 537 rubentem.

134 563 236 631 Ecquis
253 561 306 614 erit
325 561 439 613 modunl
459 559 564 628 inquit;
591 565 677 612 Amor
694 577 748 612 non
766 561 831 614 talia
849 566 941 626 curat;

116 640 192 694 “Nec
209 637 328 692 lacrimis
345 636 465 690 crudelis
485 639 580 701 Amor,
601 654 651 690 uec
668 638 792 704 gramina
808 639 881 703 rivis,

133 717 191 770 Nec
209 715 295 785 cytiso
313 718 472 769 saturantur
491 731 564 783 apos,
584 732 635 768 noc
653 713 752 768 froude
769 716 894 784 capellae.
965 731 992 770 aa

133 793 230 846 Tristis
247 795 278 846 at
293 791 353 845 ille:
376 791 477 843 Tamen
497 791 651 854 cantabitis,
673 791 803 859 Arcades,
821 793 919 859 inquit

133 867 276 922 Montibus
292 867 360 922 haec
377 868 491 921 vestris:
512 867 562 920 soli
581 871 693 920 cantarrc
711 868 792 936 periti

134 944 264 999 Arcades.
303 944 326 997 O
345 944 411 996 mihi
429 948 488 996 tum
507 959 591 1012 quam
610 944 729 997 molliter
748 961 809 998 ossa
826 947 977 1013 quieseunt,

133 1019 234 1075 Vestra
252 1038 329 1075 meos
347 1021 410 1074 olim
430 1021 452 1072 si
471 1021 564 1074 fistula
584 1021 659 1074 dicit
676 1027 795 1075 amores!

133 1097 227 1166 Atque
245 1098 350 1151 utinam
369 1114 403 1150 ex
421 1096 499 1149 robis
516 1114 592 1162 unus,
616 1099 756 1166 vestrique
774 1097 884 1150 fuissem
965 1115 989 1152 rs

133 1175 193 1228 Aut
210 1178 302 1228 custos
319 1174 420 1241 gregis,
437 1177 488 1225 aut
505 1178 630 1227 maturae
649 1173 750 1227 vinitor
768 1178 854 1226 uvae.r

133 1250 222 1318 Certe,
240 1250 298 1304 sive
316 1249 382 1301 mihi
404 1249 513 1316 Phyllis,
534 1249 590 1302 sive
610 1254 684 1302 essct
704 1251 845 1318 Amyntas,

133 1324 187 1378 Seu
205 1325 370 1393 quicumque
384 1324 570 1391 saroa—quid
584 1327 653 1392 tum,
669 1325 690 1377 si
707 1325 799 1378 fuscus
815 1327 968 1391 Amyntasi

133 1401 169 1454 nt
188 1402 281 1468 nigrae
299 1400 387 1453 violae
406 1403 470 1452 sunt
488 1405 517 1452 ct
536 1401 654 1453 vaccinia
672 1401 783 1468 nigra-

133 1477 241 1531 Mecum
259 1477 332 1530 intcr
350 1477 446 1529 salices
463 1475 538 1528 lenta
557 1475 608 1528 sub
626 1477 682 1530 rito
699 1477 817 1542 iaceret;
962 1493 989 1532 e)

132 1552 213 1606 Serta
229 1552 295 1605 mihi
316 1552 418 1621 Phyllis
436 1551 548 1618 legeret,
568 1557 692 1606 cantaret
713 1555 853 1622 Amyntas.

108 1673 110 1677 .
134 1629 186 1681 llic
203 1628 288 1697 gelidi
307 1629 401 1693 fontes
419 1629 464 1682 hic
483 1629 575 1681 mollia
593 1633 678 1698 prata,
699 1629 801 1698 Lycori,

135 1705 187 1758 llic
204 1721 315 1770 nemus;
336 1705 380 1760 hic
397 1707 457 1775 ipso
475 1711 566 1760 tecum
585 1705 759 1759 consumerer
777 1722 852 1760 aevo.

133 1781 157 1833 N
160 1798 211 1835 unc
229 1783 340 1836 insanus
357 1800 432 1836 amor
451 1783 511 1836 duri
531 1800 574 1835 me
595 1783 694 1835 Martis
712 1783 842 1835 inarmis

132 1858 196 1911 'leia
213 1858 287 1912 inter
304 1858 397 1912 media
415 1872 498 1926 atquo
517 1859 648 1911 adversos
667 1858 774 1912 detinet
792 1858 890 1912 hostis:
960 1872 984 1913 41

131 1935 171 1986 Ἰἰι
189 1934 282 2002 procul
300 1950 316 1986 a
334 1935 508 2002 patria-nce
528 1934 563 1986 sit
582 1935 647 1986 mihi
669 1935 782 1988 credere
800 1939 961 1990 tanturn!-

133 2010 254 2078 Alpiuas,
273 2008 307 2062 ah
326 2009 402 2074 dura,
421 2009 498 2062 nives
516 2015 545 2062 et
564 2011 667 2077 frigora
687 2010 775 2064 Rheni

132 2086 178 2138 lle
197 2086 254 2139 sine
272 2085 330 2138 sola
347 2084 429 2138 vides
467 2085 521 2152 Ah,
539 2090 568 2139 te
585 2103 621 2140 ne
639 2087 742 2154 frigora
760 2087 885 2142 laedant!

133 2161 184 2228 Ah,
202 2161 253 2214 tibi
271 2178 306 2214 uo
323 2166 433 2214 teneras
450 2161 550 2228 glacies
568 2166 644 2215 secet
660 2179 757 2230 aspera
775 2164 896 2231 plantas!

132 2238 189 2304 lho,
208 2243 244 2306 et,
263 2237 419 2292 Chalcidico
438 2255 510 2306 quae
528 2243 592 2291 sunt
609 2238 674 2290 mihi
695 2240 804 2293 condita
823 2256 901 2293 uersu
959 2255 986 2296 ω

131 2315 264 2381 Oamrina,
283 2315 401 2384 pastoris
419 2315 501 2367 Siculi
519 2314 680 2367 modulabor
696 2333 790 2370 arena.

131 2392 242 2446 (lartum
262 2395 305 2445 cst
322 2391 350 2443 in
369 2391 443 2443 silvis
461 2390 533 2443 iuter
551 2391 660 2460 spelaea
678 2392 798 2444 ferarum

130 2467 213 2520 Malle
231 2468 289 2536 pati
307 2468 465 2536 tenerisque
482 2483 558 2520 meos
574 2467 695 2521 incidere
715 2484 822 2522 amores

131 2543 299 2608 Arboribus;
320 2549 444 2597 crescent
460 2543 531 2609 illae,
550 2546 686 2609 crescetis,
705 2562 820 2598 amores.

134 2621 242 2673 interea
259 2620 354 2674 nrixtis
371 2619 494 2673 lustrabo
512 2621 638 2674 Maenala
656 2621 796 2689 Nymphis,
958 2639 983 2678 σε

134 2698 191 2749 Aut
208 2697 279 2749 acris
296 2697 415 2750 venabor
432 2714 518 2765 apros
557 2697 619 2750 Non
638 2714 682 2750 me
699 2697 754 2750 ulla
772 2698 904 2752 rotabunt

132 2771 245 2840 Frigora
265 2773 425 2826 Parthenios
442 2773 554 2825 canibus
574 2773 743 2826 circumdare
761 2775 850 2826 sallus.

132 2847 190 2901 lam
209 2849 274 2902 mihi
293 2866 342 2917 per
360 2866 442 2918 rupes
461 2849 558 2902 videor
575 2849 705 2918 lucosque
725 2851 844 2902 sonantis

133 2925 192 2989 Ire;
213 2924 281 2978 libet
302 2925 403 2978 Partho
420 2930 552 2994 torquere
569 2925 690 2992 Cydonia
709 2941 792 2978 cornu

131 3000 433 3069 Spicula-Tamquam
448 3000 515 3054 haec
530 3002 566 3054 sit
581 3001 668 3054 nostri
684 3001 817 3054 medicina
831 3003 937 3071 furoris,
957 3017 983 3056 ae

132 3076 191 3130 Aut
208 3076 277 3130 deus
294 3076 339 3129 ille
356 3077 435 3128 nralis
452 3076 590 3128 homiuum
609 3077 753 3130 mitescere
772 3077 872 3132 discatl

132 3153 192 3206 Iam
210 3169 299 3221 neque
319 3151 527 3220 Hamadryades
544 3168 639 3204 rursus
657 3169 707 3206 nec
725 3154 844 3208 carmina
862 3153 940 3209 nohis

133 3229 197 3297 ipsa
214 3229 337 3298 placeut;
358 3228 433 3296 ipsae
450 3243 545 3280 rursus
562 3227 703 3283 concedite
722 3229 813 3286 silvae.
