2266 3562
130 154 161 200 60
369 153 398 201 Ρ.
417 150 570 199 VERGILI
587 149 754 199 MARONIS

130 231 240 288 Vellera
258 237 399 287 mutentur
417 232 511 300 Tyrios
529 232 634 285 incocta
651 231 780 285 rubores:

127 309 244 364 Densior
262 309 324 362 hinc
343 308 459 376 suboles,
477 308 540 361 hinc
558 307 628 376 largi
646 307 723 375 copia
741 307 836 372 lactis;

128 386 215 450 Quam
233 386 320 452 magis
339 384 473 438 exhausto
492 384 661 452 spumaverit
678 383 763 437 ubere
780 384 903 450 mulctra,

128 462 214 516 Laeta
231 462 318 528 magis
336 462 437 529 pressis
455 460 605 514 manabunt
623 459 735 514 fiumina
752 460 886 513 mammis.
947 475 983 514 sio

127 539 153 590 N
156 556 186 592 ec
203 539 294 591 minus
312 539 419 591 interea
438 535 538 589 barbas
556 537 707 604 incanaque
725 541 818 590 menta

128 615 252 684 Cinyphii
270 614 388 668 tondent
406 613 475 666 hirci
494 616 640 681 saetasque
658 613 790 666 comantis

127 692 214 745 Usum
232 691 259 744 in
278 694 430 744 castrorum
449 695 477 744 et
495 690 601 742 miseris
619 689 755 744 velamina
772 689 871 743 nautis.

128 769 280 821 Pascuntur·
297 784 361 820 vero
381 767 462 820 silvas
481 770 509 820 et
528 783 633 819 summa
651 766 754 835 Lycaei,

128 845 329 912 Horrentisque
347 843 429 896 rubos
448 847 477 897 et
495 842 611 896 amantis
629 842 715 895 ardua
733 842 842 908 dumos;
947 855 982 896 313

127 922 222 990 Atque
240 921 315 989 ipsae
333 937 467 973 memores
485 919 602 972 redeunt
620 919 648 972 in
666 922 747 984 tecta,
766 934 883 986 suosque

126 996 244 1064 Ducunt,
263 1001 291 1051 et
309 996 423 1065 gravido
443 1000 574 1064 superant
591 996 636 1048 rix
655 995 740 1049 ubero
759 995 848 1048 limen.

126 1073 199 1142 Ergo
217 1075 290 1127 omni
310 1074 401 1127 studio
419 1073 534 1141 glaciem
553 1076 703 1140 ventosque
721 1071 824 1135 nivalis,

127 1151 186 1215 Quo
203 1153 292 1204 minor
310 1156 352 1204 est
371 1151 424 1202 illis
442 1167 523 1204 curae
541 1149 665 1202 mortalis
683 1152 798 1216 egestas,

127 1228 251 1294 Avertes,
270 1228 426 1295 victumque
445 1226 515 1279 feres
535 1229 564 1278 et
582 1226 675 1292 virgea
692 1225 780 1277 laetus
946 1238 982 1277 333

127 1304 237 1370 Pabula,
255 1321 306 1357 nec
324 1308 382 1356 tota
402 1302 513 1356 claudes
532 1301 643 1353 faenilia
660 1301 765 1353 bruma.

127 1382 167 1434 At
185 1397 249 1434 uero
268 1380 399 1448 Zephyris
418 1395 479 1431 cum
498 1378 571 1430 laeta
590 1376 749 1430 vocantibus
768 1380 859 1431 aestas

127 1457 160 1510 ln
179 1457 264 1510 saltus
281 1461 428 1524 utrumque
446 1471 558 1523 gregem
577 1457 661 1521 atque
679 1454 706 1506 in
725 1469 827 1522 pascua
844 1454 945 1521 mittet,

126 1533 244 1587 Luciferi
262 1534 350 1602 primo
368 1549 430 1585 eum
448 1531 540 1585 sidere
558 1529 659 1598 frigida
676 1546 740 1583 rura

126 1611 283 1678 Carpamua
297 1610 362 1662 dnm
374 1625 454 1662 mane
466 1624 572 1672 novum,
587 1607 652 1659 dum
665 1607 788 1674 gramina
800 1611 905 1671 canent,
944 1621 981 1660 sm

126 1686 162 1738 Ilt
180 1703 225 1740 ros
243 1687 270 1738 in
288 1689 384 1739 tenera
402 1685 493 1754 pecori
511 1684 684 1752 gratissimus
702 1682 793 1737 herba.

127 1763 203 1828 Inde,
221 1763 267 1816 ubi
286 1766 385 1831 quarta
403 1761 477 1814 sitim
497 1760 563 1813 caeli
582 1760 723 1828 collegerit
740 1759 806 1813 hora

126 1839 163 1892 ut
181 1843 263 1894 cantu
281 1839 412 1908 querulae
429 1829 559 1906 iumpent
577 1836 690 1890 arbusta
708 1837 824 1904 cicadae,

127 1916 174 1968 Ad
191 1920 290 1983 puteos
309 1919 356 1967 ant
374 1915 430 1968 alta
447 1930 546 1982 greges
564 1913 600 1965 ad
619 1917 716 1980 stagna
733 1912 825 1966 iubeto

126 1991 289 2044 Currentcm
308 1991 398 2058 ilignis
414 1995 510 2059 potare
527 1989 667 2044 canalibus
685 1990 801 2054 undam3
944 2002 981 2042 333

127 2068 258 2121 Aestibus
275 2072 304 2121 at
322 2067 420 2120 mediis
438 2067 594 2120 umbrosam
612 2067 758 2135 exquirere
775 2065 881 2132 vallem,

126 2145 217 2198 Sicubi
235 2161 333 2213 magna
352 2144 424 2197 Iovis
443 2145 556 2212 antiqno
574 2143 673 2196 robore
690 2159 806 2211 quercus

127 2221 250 2288 Ingentis
268 2221 365 2275 tendat
382 2237 479 2288 ramos,
498 2225 545 2274 aiut
564 2221 648 2274 sicubi
665 2221 772 2287 nigrum

127 2297 237 2350 Ilicibus
255 2298 357 2351 crebris
376 2314 452 2351 sacra
470 2315 565 2350 nemus
583 2296 697 2350 accubet
715 2295 825 2360 umbra;

126 2374 193 2426 l'um
211 2373 301 2427 tenuis
320 2375 386 2427 dare
404 2391 498 2426 rursus
516 2390 609 2442 aquas,
629 2376 658 2425 et
676 2388 788 2440 pascere
806 2388 901 2425 rursus
945 2387 981 2426 333

126 2449 195 2502 Solis
213 2450 248 2502 ad
267 2467 397 2515 oceasum,
416 2466 477 2503 curn
496 2450 610 2516 frigidus
628 2465 693 2500 aera
710 2463 807 2514 vesper

126 2527 278 2595 Temperat,
297 2530 326 2578 et
345 2526 430 2579 saltus
449 2525 538 2578 reficit
556 2526 610 2578 iam
629 2523 737 2577 roscida
755 2523 826 2591 luna,
901 2549 909 2557 ·

126 2602 273 2671 Litoraque
292 2603 419 2670 alcyoncn
438 2605 575 2668 resonant,
594 2599 766 2654 acalanthida
784 2599 867 2653 durni.

160 2679 232 2744 Quid
250 2678 301 2732 tibi
312 2682 444 2748 'pastores
464 2678 573 2746 Libyae,
593 2677 660 2746 quid
678 2693 777 2745 pascua
795 2693 874 2730 versu

126 2755 286 2825 Prosequar,
305 2758 334 2808 et
353 2756 422 2808 raris
441 2755 566 2808 habitata
583 2755 702 2824 mapalia
720 2753 817 2808 tectis?
944 2771 980 2810 acc

125 2833 211 2902 Saepe
230 2833 302 2886 diem
320 2837 483 2903 noctemque
502 2835 637 2886 ettotam
656 2848 690 2884 cx
709 2829 804 2883 ordine
822 2846 942 2886 mensem

126 2910 250 2964 Pascitur
267 2911 345 2979 itque
363 2927 445 2979 pecus
463 2910 544 2978 longa
562 2910 589 2962 in
609 2909 720 2962 deserta
737 2908 796 2961 sine
813 2906 876 2960 ullis

126 2987 273 3055 Hospitiis:
292 2991 398 3041 tantum
417 2987 505 3056 campi
524 2988 602 3040 iacet.
638 2986 736 3040 Omnia
755 3001 845 3038 secum

125 3065 316 3117 Armentarins
335 3065 404 3118 Afer
422 3065 486 3132 agit,
505 3067 664 3133 tectumque
683 3063 836 3129 Laremque

88 3208 92 3213 .
124 3140 265 3212 Armaque
286 3142 517 3213 Amyclaeumque
535 3158 630 3197 canem
642 3141 829 3208 Cressamque
847 3141 944 3208 Pharo·
