2266 3562
428 162 634 211 GEORGICON
653 161 721 210 LIB.
742 161 763 210 Ι,
994 165 1048 218 29,

174 245 203 298 Si
223 246 353 314 superant
370 242 452 311 fetus,
469 243 574 312 pariter
590 243 728 296 frumenta
745 245 901 310 sequentur,

174 321 329 389 lllagnaque
346 336 407 373 cum
426 336 525 388 magno
543 320 633 373 veniet
650 319 750 373 tritura
767 319 855 372 ealoro
864 339 871 384 ;
990 335 1025 372 ne

174 399 215 450 At
233 398 256 450 si
274 397 381 449 luxuria
398 396 523 448 foliorum
541 394 675 449 exuberat
692 395 795 464 umbra,

174 473 344 541 Nequiquam
364 473 471 540 pinguis
489 472 569 540 palea
586 475 660 525 teret
679 489 743 526 area
760 473 871 527 culmos.

173 549 281 602 Semina
300 548 355 601 vidi
373 547 499 617 equidem
520 547 621 600 multos
639 549 775 604 medicare
794 551 909 604 serentis

172 623 209 680 Et
228 626 299 679 nitro
318 625 393 693 prius
411 628 440 678 et
458 625 535 692 nigra
553 624 719 692 perfimdere
737 643 856 694 amurga,

173 702 307 756 Grandior
324 706 356 755 nt
374 702 446 754 fetus
465 701 567 770 siliquis
585 701 725 755 fallacibus
744 707 824 770 esset,
992 718 1025 756 aas

172 778 216 846 Et,
236 779 357 847 quamvis
374 778 430 846 igni
449 779 555 846 exiguo,
574 781 721 846 properata
739 778 889 834 maderent.

171 854 236 908 Vidi
254 855 325 908 lecta
344 854 392 907 diu
410 858 439 908 et
458 855 544 908 multo
563 858 688 924 spectata
705 854 798 908 labore

172 931 347 999 Degenerare
366 935 466 999 tamen,
485 932 513 984 ni
531 932 571 983 ris
589 931 707 983 humana
725 936 792 1000 quot
810 931 886 984 annis

172 1007 302 1060 Maxuma
321 1024 445 1075 quaeque
463 1025 545 1060 manu
564 1007 678 1074 legeret
717 1007 761 1061 Sic
779 1008 868 1061 omnia
884 1007 949 1060 satis

174 1084 206 1136 ln
224 1084 301 1152 peius
320 1101 406 1152 ruere,
427 1101 458 1138 ae
476 1087 551 1136 retro
571 1083 697 1152 sublapsa
715 1084 825 1148 referri,
989 1097 1026 1134 sao

172 1160 232 1213 Non
252 1161 338 1228 aliter,
357 1179 438 1230 quam
456 1161 502 1229 qui
520 1161 635 1213 adverso
654 1160 699 1212 vix
717 1159 827 1214 flumine
846 1159 966 1212 lembum

172 1236 302 1305 Remigiis
323 1237 431 1304 subigit,
451 1237 473 1290 si
491 1237 616 1290 bracchia
634 1236 705 1290 forte
724 1237 836 1302 remisit,

174 1316 265 1382 :itque
283 1314 358 1368 illum
376 1314 403 1366 in
422 1331 553 1382 praeceps
571 1330 657 1382 prono
674 1313 747 1380 rapit
765 1313 857 1366 alveus
874 1312 954 1366 amni.

207 1389 356 1444 Praeterea
374 1396 431 1444 tam
451 1394 514 1443 sunt
534 1390 647 1442 Arcturi
665 1389 756 1442 sidera
774 1388 851 1442 nobis

174 1465 386 1536 Haedorumque
405 1467 464 1520 dies
482 1465 608 1519 servandi
627 1469 656 1518 et
673 1464 781 1518 lucidus
797 1465 910 1534 Anguis,
988 1479 1025 1518 aas

172 1543 258 1606 Quam
278 1541 375 1612 quibus
393 1545 420 1596 in
438 1542 555 1612 patriam
576 1545 689 1594 ventosa
705 1558 755 1609 per
774 1557 892 1609 aequora
911 1541 995 1593 vectis

174 1618 276 1672 Pontus
296 1623 324 1672 et
343 1620 461 1672 ostriferi
479 1619 571 1671 taraces
590 1621 762 1685 temptantur
782 1616 881 1685 Abydi.

173 1694 254 1748 Libra
273 1695 317 1748 die
336 1696 476 1763 somnique
494 1711 575 1763 pares
593 1693 639 1746 ubi
657 1693 754 1746 feccrit
772 1693 861 1760 horas,

173 1772 206 1825 Et
225 1772 346 1825 medium
364 1771 416 1825 luci
434 1776 516 1839 atque
536 1770 639 1822 umbris
657 1770 710 1822 iam
730 1769 828 1822 dividit
846 1769 949 1834 orbem,

173 1848 312 1916 Exercete,
333 1849 390 1915 viri,
409 1853 508 1911 tauros,
527 1847 610 1900 serite
629 1845 733 1898 hordea
752 1845 862 1914 campis,
988 1859 1025 1897 aro

171 1925 266 1994 Usque
285 1924 335 1978 sub
354 1929 507 1977 extremum
525 1922 638 1975 brumae
656 1920 837 1974 intractabilis
854 1920 983 1983 imbrem;

171 2001 228 2055 lieo
247 2018 299 2054 non
319 2005 348 2054 et
367 2001 412 2053 lini
432 2005 553 2068 segetem
572 2002 602 2052 et
621 1997 734 2052 Cereale
752 2013 871 2066 papaver

170 2077 287 2146 Tempus
300 2077 382 2130 hurno
395 2082 500 2144 tegere,
512 2079 542 2128 et
554 2074 712 2128 iamdudum
725 2073 880 2126 incumbere
891 2073 998 2138 aratris,

171 2153 241 2207 llum
260 2155 330 2208 sie'ca
348 2154 446 2207 tellure
464 2153 536 2219 lieet,
556 2152 621 2204 dum
640 2150 732 2203 nubila
751 2149 877 2218 pendent.

171 2231 243 2285 Vere
262 2231 331 2284 sabis
350 2231 434 2296 satio;
454 2234 513 2284 tum
532 2233 561 2282 te
580 2245 695 2296 qnoque,
715 2225 830 2288 Medico,
847 2228 943 2293 putres
988 2239 1023 2276 ars

171 2309 317 2377 Accipiunt
336 2309 409 2371 sulci,
429 2311 458 2360 et
476 2307 550 2359 milio
569 2305 644 2357 venit
662 2319 751 2356 annua
768 2318 841 2367 cura,

171 2384 307 2437 Candidus
327 2385 429 2438 auratis
447 2384 536 2452 aperit
554 2399 614 2434 eum
633 2377 759 2434 cornibus
777 2394 875 2431 annum

176 2459 281 2527 laurus,
302 2467 330 2514 et
349 2460 463 2514 adverso
482 2460 582 2513 cedens
601 2457 682 2510 Canis
701 2455 799 2508 occidit
817 2460 897 2507 astro.

171 2538 209 2592 st
228 2537 250 2590 si
269 2537 405 2590 triticeam
422 2537 449 2589 in
469 2553 585 2590 messem
604 2533 770 2600 robustaque
788 2533 861 2584 farra

169 2613 316 2667 Exercebis
335 2609 446 2666 humum
467 2613 582 2679 solisque
601 2609 715 2662 instabis
734 2609 831 2674 aristiS,
988 2619 1024 2656 aar

169 2691 244 2745 Ante
263 2690 313 2744 tibi
334 2691 407 2743 ane
428 2688 585 2743 Atlantides
604 2686 806 2740 abscondantur

169 2767 322 2835 Gnosiaque
342 2766 464 2820 ardentis
483 2765 601 2818 decedat
619 2763 699 2816 stella
719 2762 846 2826 Coronae,

172 2843 270 2898 Debita
288 2862 369 2913 queam
388 2844 467 2897 saleis
486 2842 641 2896 committas
659 2839 769 2903 semina,
788 2850 923 2904 quamque

172 2920 276 2976 lavitae
295 2938 426 2991 properos
445 2921 508 2972 anni
527 2935 602 2988 spem
622 2916 735 2970 credere
754 2919 852 2967 terrae.

169 2997 250 3052 Multi
267 3003 332 3053 anto
353 3015 477 3054 «occasum
496 2996 586 3048 Maiae
604 3010 735 3062 coopere3
757 2989 806 3044 sed
823 2988 884 3041 illos
988 3000 1024 3038 aas

172 3077 336 3146 Exspectata
357 3090 435 3142 seges
455 3073 530 3132 uanis
549 3071 630 3124 elusit
648 3070 745 3122 aristis.

168 3153 196 3206 si
215 3171 280 3207 vcro
299 3152 449 3219 viciamque
469 3166 544 3204 seres
562 3149 696 3216 vilemque
715 3143 854 3215 phaselum

170 3230 228 3284 Nee
249 3228 404 3283 Pelusiaeae
422 3243 514 3279 euram
534 3222 716 3292 aspamabere
736 3219 824 3282 lentis,
