<?xml version="1.0" encoding="UTF-8"?>
<!DOCTYPE html PUBLIC "-//W3C//DTD XHTML 1.0 Transitional//EN"
    "http://www.w3.org/TR/xhtml1/DTD/xhtml1-transitional.dtd">
<html xmlns="http://www.w3.org/1999/xhtml" xml:lang="en" lang="en">
 <head>
  <title>
</title>
<meta http-equiv="Content-Type" content="text/html;charset=utf-8" />
  <meta name='ocr-system' content='tesseract 3.04.00' />
  <meta name='ocr-capabilities' content='ocr_page ocr_carea ocr_par ocr_line ocrx_word'/>
</head>
<body>
  <div class='ocr_page' id='page_1' title='image "./operaexrecensio01virggoog_0061.png"; bbox 0 0 2266 3562; ppageno 0'>
   <div class='ocr_carea' id='block_1_1' title="bbox 128 137 747 196">
    <p class='ocr_par' dir='ltr' id='par_1_1' title="bbox 128 137 747 196">
     <span class='ocr_line' id='line_1_1' title="bbox 128 137 747 196; baseline 0.003 -3"><span class='ocrx_word' id='word_1_1' title='bbox 128 151 159 194; x_wconf 78' lang='lat' dir='ltr'>tu</span> <span class='ocrx_word' id='word_1_2' title='bbox 362 145 391 192; x_wconf 89' lang='lat' dir='ltr'>P.</span> <span class='ocrx_word' id='word_1_3' title='bbox 410 137 565 192; x_wconf 83' lang='lat' dir='ltr'><strong>VERGILI</strong></span> <span class='ocrx_word' id='word_1_4' title='bbox 583 145 747 196; x_wconf 86' lang='lat' dir='ltr'>MARONIS</span> 
     </span>
    </p>
   </div>
   <div class='ocr_carea' id='block_1_2' title="bbox 130 224 993 3283">
    <p class='ocr_par' dir='ltr' id='par_1_2' title="bbox 131 224 987 371">
     <span class='ocr_line' id='line_1_2' title="bbox 131 224 987 296; baseline 0.011 -19"><span class='ocrx_word' id='word_1_5' title='bbox 131 224 203 278; x_wconf 89' lang='lat' dir='ltr'>Alba</span> <span class='ocrx_word' id='word_1_6' title='bbox 220 242 310 294; x_wconf 87' lang='lat' dir='ltr'>neque</span> <span class='ocrx_word' id='word_1_7' title='bbox 331 225 444 293; x_wconf 85' lang='lat' dir='ltr'>Assyrio</span> <span class='ocrx_word' id='word_1_8' title='bbox 463 224 572 279; x_wconf 84' lang='lat' dir='ltr'>fucatur</span> <span class='ocrx_word' id='word_1_9' title='bbox 589 225 653 280; x_wconf 87' lang='lat' dir='ltr'>lane</span> <span class='ocrx_word' id='word_1_10' title='bbox 669 244 782 296; x_wconf 86' lang='lat' dir='ltr'>veneno,</span> <span class='ocrx_word' id='word_1_11' title='bbox 951 247 987 286; x_wconf 76' lang='lat' dir='ltr'>cos</span> 
     </span>
     <span class='ocr_line' id='line_1_3' title="bbox 131 301 776 371; baseline 0.008 -17"><span class='ocrx_word' id='word_1_12' title='bbox 131 301 188 354; x_wconf 83' lang='lat' dir='ltr'>Nec</span> <span class='ocrx_word' id='word_1_13' title='bbox 206 303 278 355; x_wconf 85' lang='lat' dir='ltr'>casia</span> <span class='ocrx_word' id='word_1_14' title='bbox 296 301 393 370; x_wconf 83' lang='lat' dir='ltr'>liquidi</span> <span class='ocrx_word' id='word_1_15' title='bbox 411 302 596 371; x_wconf 80' lang='lat' dir='ltr'><strong>corrumpitur</strong></span> <span class='ocrx_word' id='word_1_16' title='bbox 614 311 680 356; x_wconf 80' lang='lat' dir='ltr'>usus</span> <span class='ocrx_word' id='word_1_17' title='bbox 699 305 776 360; x_wconf 85' lang='lat' dir='ltr'>olivi:</span> 
     </span>
    </p>

    <p class='ocr_par' dir='ltr' id='par_1_3' title="bbox 131 378 734 446">
     <span class='ocr_line' id='line_1_4' title="bbox 131 378 734 446; baseline 0.005 -16"><span class='ocrx_word' id='word_1_18' title='bbox 131 381 171 431; x_wconf 89' lang='lat' dir='ltr'>At</span> <span class='ocrx_word' id='word_1_19' title='bbox 189 395 285 432; x_wconf 86' lang='lat' dir='ltr'>secura</span> <span class='ocrx_word' id='word_1_20' title='bbox 304 379 381 446; x_wconf 90' lang='lat' dir='ltr'>quies</span> <span class='ocrx_word' id='word_1_21' title='bbox 399 383 429 432; x_wconf 90' lang='lat' dir='ltr'>ct</span> <span class='ocrx_word' id='word_1_22' title='bbox 447 379 537 432; x_wconf 88' lang='lat' dir='ltr'>nescia</span> <span class='ocrx_word' id='word_1_23' title='bbox 556 378 651 433; x_wconf 85' lang='lat' dir='ltr'>fellere</span> <span class='ocrx_word' id='word_1_24' title='bbox 671 381 734 446; x_wconf 72' lang='lat' dir='ltr'>vita</span> 
     </span>
    </p>

    <p class='ocr_par' dir='ltr' id='par_1_4' title="bbox 131 455 799 524">
     <span class='ocr_line' id='line_1_5' title="bbox 131 455 799 524; baseline 0.006 -16"><span class='ocrx_word' id='word_1_25' title='bbox 131 455 213 508; x_wconf 85' lang='lat' dir='ltr'>Dives</span> <span class='ocrx_word' id='word_1_26' title='bbox 231 472 314 524; x_wconf 93' lang='lat' dir='ltr'>opum</span> <span class='ocrx_word' id='word_1_27' title='bbox 333 456 476 521; x_wconf 85' lang='lat' dir='ltr'>variarum,</span> <span class='ocrx_word' id='word_1_28' title='bbox 496 460 525 509; x_wconf 91' lang='lat' dir='ltr'>at</span> <span class='ocrx_word' id='word_1_29' title='bbox 543 456 607 508; x_wconf 91' lang='lat' dir='ltr'>latis</span> <span class='ocrx_word' id='word_1_30' title='bbox 625 457 682 510; x_wconf 88' lang='lat' dir='ltr'>otia</span> <span class='ocrx_word' id='word_1_31' title='bbox 700 457 799 524; x_wconf 88' lang='lat' dir='ltr'>fundis,</span> 
     </span>
    </p>

    <p class='ocr_par' dir='ltr' id='par_1_5' title="bbox 130 531 989 755">
     <span class='ocr_line' id='line_1_6' title="bbox 130 531 852 604; baseline 0.007 -20"><span class='ocrx_word' id='word_1_32' title='bbox 130 531 288 600; x_wconf 82' lang='lat' dir='ltr'>Speluncae,</span> <span class='ocrx_word' id='word_1_33' title='bbox 308 531 417 600; x_wconf 86' lang='lat' dir='ltr'>vivique</span> <span class='ocrx_word' id='word_1_34' title='bbox 436 532 517 598; x_wconf 86' lang='lat' dir='ltr'>lacus,</span> <span class='ocrx_word' id='word_1_35' title='bbox 536 536 566 586; x_wconf 93' lang='lat' dir='ltr'>at</span> <span class='ocrx_word' id='word_1_36' title='bbox 584 533 685 600; x_wconf 81' lang='lat' dir='ltr'>frigida</span> <span class='ocrx_word' id='word_1_37' title='bbox 704 534 813 604; x_wconf 84' lang='lat' dir='ltr'>Tempe,</span> <span class='ocrx_word' id='word_1_38' title='bbox 849 564 852 568; x_wconf 95' lang='lat'>·</span> 
     </span>
     <span class='ocr_line' id='line_1_7' title="bbox 132 608 989 677; baseline 0.011 -15"><span class='ocrx_word' id='word_1_39' title='bbox 132 609 309 676; x_wconf 87' lang='lat' dir='ltr'>Mugitusque</span> <span class='ocrx_word' id='word_1_40' title='bbox 327 608 416 673; x_wconf 89' lang='lat' dir='ltr'>boum,</span> <span class='ocrx_word' id='word_1_41' title='bbox 435 608 586 677; x_wconf 83' lang='lat' dir='ltr'>mollesque</span> <span class='ocrx_word' id='word_1_42' title='bbox 605 609 655 661; x_wconf 91' lang='lat' dir='ltr'>sub</span> <span class='ocrx_word' id='word_1_43' title='bbox 675 610 773 664; x_wconf 87' lang='lat' dir='ltr'>arbore</span> <span class='ocrx_word' id='word_1_44' title='bbox 792 614 880 667; x_wconf 88' lang='lat' dir='ltr'>somni</span> <span class='ocrx_word' id='word_1_45' title='bbox 951 631 989 671; x_wconf 83' lang='lat'>470</span> 
     </span>
     <span class='ocr_line' id='line_1_8' title="bbox 132 685 805 755; baseline 0.003 -17"><span class='ocrx_word' id='word_1_46' title='bbox 132 685 194 738; x_wconf 89' lang='lat' dir='ltr'>Non</span> <span class='ocrx_word' id='word_1_47' title='bbox 212 685 328 749; x_wconf 91' lang='lat' dir='ltr'>absunt;</span> <span class='ocrx_word' id='word_1_48' title='bbox 346 685 401 738; x_wconf 90' lang='lat' dir='ltr'>illie</span> <span class='ocrx_word' id='word_1_49' title='bbox 420 685 507 738; x_wconf 88' lang='lat' dir='ltr'>saltus</span> <span class='ocrx_word' id='word_1_50' title='bbox 524 701 556 738; x_wconf 89' lang='lat' dir='ltr'>ac</span> <span class='ocrx_word' id='word_1_51' title='bbox 574 685 661 738; x_wconf 88' lang='lat' dir='ltr'>lustra</span> <span class='ocrx_word' id='word_1_52' title='bbox 679 687 805 755; x_wconf 82' lang='lat' dir='ltr'>ferarum,</span> 
     </span>
    </p>

    <p class='ocr_par' dir='ltr' id='par_1_6' title="bbox 133 761 883 833">
     <span class='ocr_line' id='line_1_9' title="bbox 133 761 883 833; baseline 0.004 -19"><span class='ocrx_word' id='word_1_53' title='bbox 133 761 168 814; x_wconf 87' lang='lat' dir='ltr'>Ilt</span> <span class='ocrx_word' id='word_1_54' title='bbox 187 762 293 830; x_wconf 86' lang='lat' dir='ltr'>petiens</span> <span class='ocrx_word' id='word_1_55' title='bbox 311 779 425 830; x_wconf 91' lang='lat' dir='ltr'>operum</span> <span class='ocrx_word' id='word_1_56' title='bbox 444 763 598 830; x_wconf 84' lang='lat' dir='ltr'>exiguoque</span> <span class='ocrx_word' id='word_1_57' title='bbox 616 762 732 816; x_wconf 86' lang='lat' dir='ltr'>adsueta</span> <span class='ocrx_word' id='word_1_58' title='bbox 749 763 883 833; x_wconf 86' lang='lat' dir='ltr'>iuventus,</span> 
     </span>
    </p>

    <p class='ocr_par' dir='ltr' id='par_1_7' title="bbox 132 837 903 981">
     <span class='ocr_line' id='line_1_10' title="bbox 132 837 903 908; baseline 0.004 -18"><span class='ocrx_word' id='word_1_59' title='bbox 132 838 215 890; x_wconf 84' lang='lat' dir='ltr'>Sacra</span> <span class='ocrx_word' id='word_1_60' title='bbox 232 837 322 905; x_wconf 86' lang='lat' dir='ltr'>deum,</span> <span class='ocrx_word' id='word_1_61' title='bbox 342 838 484 908; x_wconf 78' lang='lat' dir='ltr'>sanctique</span> <span class='ocrx_word' id='word_1_62' title='bbox 503 842 611 906; x_wconf 85' lang='lat' dir='ltr'>petres;</span> <span class='ocrx_word' id='word_1_63' title='bbox 632 843 757 892; x_wconf 86' lang='lat' dir='ltr'>extreme</span> <span class='ocrx_word' id='word_1_64' title='bbox 775 856 825 907; x_wconf 92' lang='lat' dir='ltr'>per</span> <span class='ocrx_word' id='word_1_65' title='bbox 843 840 903 894; x_wconf 93' lang='lat' dir='ltr'>illos</span> 
     </span>
     <span class='ocr_line' id='line_1_11' title="bbox 134 914 724 981; baseline 0 -15"><span class='ocrx_word' id='word_1_66' title='bbox 134 914 245 967; x_wconf 89' lang='lat' dir='ltr'>Iustitia</span> <span class='ocrx_word' id='word_1_67' title='bbox 264 915 400 968; x_wconf 80' lang='lat' dir='ltr'>excedens</span> <span class='ocrx_word' id='word_1_68' title='bbox 419 916 501 968; x_wconf 88' lang='lat' dir='ltr'>terris</span> <span class='ocrx_word' id='word_1_69' title='bbox 519 915 635 981; x_wconf 87' lang='lat' dir='ltr'>vestigia</span> <span class='ocrx_word' id='word_1_70' title='bbox 653 915 724 968; x_wconf 83' lang='lat' dir='ltr'>lecit.</span> 
     </span>
    </p>

    <p class='ocr_par' dir='ltr' id='par_1_8' title="bbox 133 990 990 1212">
     <span class='ocr_line' id='line_1_12' title="bbox 168 990 990 1060; baseline 0.004 -17"><span class='ocrx_word' id='word_1_71' title='bbox 168 990 214 1044; x_wconf 90' lang='lat' dir='ltr'>Me</span> <span class='ocrx_word' id='word_1_72' title='bbox 232 1007 296 1043; x_wconf 87' lang='lat' dir='ltr'>vero</span> <span class='ocrx_word' id='word_1_73' title='bbox 315 992 432 1060; x_wconf 89' lang='lat' dir='ltr'>primum</span> <span class='ocrx_word' id='word_1_74' title='bbox 452 991 546 1044; x_wconf 77' lang='lat' dir='ltr'>dulces</span> <span class='ocrx_word' id='word_1_75' title='bbox 564 995 628 1044; x_wconf 88' lang='lat' dir='ltr'>ente</span> <span class='ocrx_word' id='word_1_76' title='bbox 647 993 737 1044; x_wconf 84' lang='lat' dir='ltr'>ernnie</span> <span class='ocrx_word' id='word_1_77' title='bbox 755 991 858 1060; x_wconf 83' lang='lat' dir='ltr'>Musae,</span> <span class='ocrx_word' id='word_1_78' title='bbox 954 1009 990 1048; x_wconf 76' lang='lat'>475</span> 
     </span>
     <span class='ocr_line' id='line_1_13' title="bbox 133 1066 829 1136; baseline 0.001 -17"><span class='ocrx_word' id='word_1_79' title='bbox 133 1066 254 1130; x_wconf 85' lang='lat' dir='ltr'>Quarum</span> <span class='ocrx_word' id='word_1_80' title='bbox 273 1084 349 1121; x_wconf 88' lang='lat' dir='ltr'>sacre</span> <span class='ocrx_word' id='word_1_81' title='bbox 367 1069 425 1121; x_wconf 85' lang='lat' dir='ltr'>foro</span> <span class='ocrx_word' id='word_1_82' title='bbox 443 1068 548 1136; x_wconf 91' lang='lat' dir='ltr'>ingenti</span> <span class='ocrx_word' id='word_1_83' title='bbox 566 1083 711 1136; x_wconf 87' lang='lat' dir='ltr'>percussus</span> <span class='ocrx_word' id='word_1_84' title='bbox 729 1073 829 1134; x_wconf 87' lang='lat' dir='ltr'>amore,</span> 
     </span>
     <span class='ocr_line' id='line_1_14' title="bbox 134 1144 838 1212; baseline 0.003 -16"><span class='ocrx_word' id='word_1_85' title='bbox 134 1144 285 1212; x_wconf 80' lang='lat' dir='ltr'>Accipient,</span> <span class='ocrx_word' id='word_1_86' title='bbox 304 1144 426 1212; x_wconf 86' lang='lat' dir='ltr'>caelique</span> <span class='ocrx_word' id='word_1_87' title='bbox 445 1144 502 1196; x_wconf 88' lang='lat' dir='ltr'>vias</span> <span class='ocrx_word' id='word_1_88' title='bbox 520 1148 550 1198; x_wconf 89' lang='lat' dir='ltr'>et</span> <span class='ocrx_word' id='word_1_89' title='bbox 568 1144 659 1198; x_wconf 88' lang='lat' dir='ltr'>sidera</span> <span class='ocrx_word' id='word_1_90' title='bbox 676 1148 838 1209; x_wconf 87' lang='lat' dir='ltr'>monstrent,</span> 
     </span>
    </p>

    <p class='ocr_par' dir='ltr' id='par_1_9' title="bbox 134 1220 748 1289">
     <span class='ocr_line' id='line_1_15' title="bbox 134 1220 748 1289; baseline 0.003 -17"><span class='ocrx_word' id='word_1_91' title='bbox 134 1220 263 1274; x_wconf 76' lang='lat' dir='ltr'>Defectus</span> <span class='ocrx_word' id='word_1_92' title='bbox 281 1220 345 1274; x_wconf 91' lang='lat' dir='ltr'>solis</span> <span class='ocrx_word' id='word_1_93' title='bbox 365 1221 460 1287; x_wconf 84' lang='lat' dir='ltr'>varios,</span> <span class='ocrx_word' id='word_1_94' title='bbox 480 1220 614 1289; x_wconf 85' lang='lat' dir='ltr'>lunaeque</span> <span class='ocrx_word' id='word_1_95' title='bbox 631 1220 748 1287; x_wconf 86' lang='lat' dir='ltr'>labores,</span> 
     </span>
    </p>

    <p class='ocr_par' dir='ltr' id='par_1_10' title="bbox 134 1295 990 1592">
     <span class='ocr_line' id='line_1_16' title="bbox 134 1295 916 1364; baseline 0 -14"><span class='ocrx_word' id='word_1_96' title='bbox 134 1295 216 1350; x_wconf 87' lang='lat' dir='ltr'>Unde</span> <span class='ocrx_word' id='word_1_97' title='bbox 235 1301 339 1350; x_wconf 86' lang='lat' dir='ltr'>tremor</span> <span class='ocrx_word' id='word_1_98' title='bbox 357 1297 446 1364; x_wconf 88' lang='lat' dir='ltr'>terris,</span> <span class='ocrx_word' id='word_1_99' title='bbox 465 1313 520 1364; x_wconf 90' lang='lat' dir='ltr'>qna</span> <span class='ocrx_word' id='word_1_100' title='bbox 538 1297 564 1349; x_wconf 86' lang='lat' dir='ltr'>vi</span> <span class='ocrx_word' id='word_1_101' title='bbox 582 1298 669 1350; x_wconf 83' lang='lat' dir='ltr'>marie</span> <span class='ocrx_word' id='word_1_102' title='bbox 687 1297 743 1350; x_wconf 88' lang='lat' dir='ltr'>alta</span> <span class='ocrx_word' id='word_1_103' title='bbox 762 1301 916 1351; x_wconf 84' lang='lat' dir='ltr'>tumescent</span> 
     </span>
     <span class='ocr_line' id='line_1_17' title="bbox 134 1372 990 1442; baseline 0.006 -16"><span class='ocrx_word' id='word_1_104' title='bbox 134 1372 273 1426; x_wconf 90' lang='lat' dir='ltr'>Obiicibus</span> <span class='ocrx_word' id='word_1_105' title='bbox 292 1373 379 1441; x_wconf 89' lang='lat' dir='ltr'>ruptis</span> <span class='ocrx_word' id='word_1_106' title='bbox 398 1389 546 1441; x_wconf 82' lang='lat' dir='ltr'>rursusque</span> <span class='ocrx_word' id='word_1_107' title='bbox 565 1375 592 1426; x_wconf 93' lang='lat' dir='ltr'>in</span> <span class='ocrx_word' id='word_1_108' title='bbox 612 1391 640 1426; x_wconf 93' lang='lat' dir='ltr'>se</span> <span class='ocrx_word' id='word_1_109' title='bbox 659 1374 719 1442; x_wconf 91' lang='lat' dir='ltr'>ipse</span> <span class='ocrx_word' id='word_1_110' title='bbox 737 1373 866 1441; x_wconf 90' lang='lat' dir='ltr'>residant,</span> <span class='ocrx_word' id='word_1_111' title='bbox 955 1389 990 1431; x_wconf 66' lang='lat' dir='ltr'>affl</span> 
     </span>
     <span class='ocr_line' id='line_1_18' title="bbox 134 1447 911 1518; baseline 0.003 -16"><span class='ocrx_word' id='word_1_112' title='bbox 134 1449 208 1514; x_wconf 79' lang='lat' dir='ltr'>Quid</span> <span class='ocrx_word' id='word_1_113' title='bbox 226 1453 333 1502; x_wconf 90' lang='lat' dir='ltr'>tantum</span> <span class='ocrx_word' id='word_1_114' title='bbox 354 1447 462 1502; x_wconf 86' lang='lat' dir='ltr'>Oceano</span> <span class='ocrx_word' id='word_1_115' title='bbox 480 1455 629 1518; x_wconf 82' lang='lat' dir='ltr'>properent</span> <span class='ocrx_word' id='word_1_116' title='bbox 648 1467 678 1504; x_wconf 89' lang='lat' dir='ltr'>se</span> <span class='ocrx_word' id='word_1_117' title='bbox 697 1451 823 1517; x_wconf 83' lang='lat' dir='ltr'>tinguere</span> <span class='ocrx_word' id='word_1_118' title='bbox 841 1451 911 1504; x_wconf 89' lang='lat' dir='ltr'>soles</span> 
     </span>
     <span class='ocr_line' id='line_1_19' title="bbox 136 1525 873 1592; baseline 0 -14"><span class='ocrx_word' id='word_1_119' title='bbox 136 1525 260 1591; x_wconf 87' lang='lat' dir='ltr'>Hiberni,</span> <span class='ocrx_word' id='word_1_120' title='bbox 279 1525 322 1578; x_wconf 87' lang='lat' dir='ltr'>vel</span> <span class='ocrx_word' id='word_1_121' title='bbox 340 1541 410 1592; x_wconf 89' lang='lat' dir='ltr'>quae</span> <span class='ocrx_word' id='word_1_122' title='bbox 429 1526 517 1579; x_wconf 88' lang='lat' dir='ltr'>tardis</span> <span class='ocrx_word' id='word_1_123' title='bbox 536 1543 613 1578; x_wconf 90' lang='lat' dir='ltr'>more</span> <span class='ocrx_word' id='word_1_124' title='bbox 631 1526 755 1578; x_wconf 89' lang='lat' dir='ltr'>noctibus</span> <span class='ocrx_word' id='word_1_125' title='bbox 774 1525 873 1580; x_wconf 83' lang='lat' dir='ltr'>obstet.</span> 
     </span>
    </p>

    <p class='ocr_par' dir='ltr' id='par_1_11' title="bbox 134 1601 823 1670">
     <span class='ocr_line' id='line_1_20' title="bbox 134 1601 823 1670; baseline 0 -16"><span class='ocrx_word' id='word_1_126' title='bbox 134 1602 189 1662; x_wconf 79' lang='lat' dir='ltr'>Sin,</span> <span class='ocrx_word' id='word_1_127' title='bbox 208 1601 257 1654; x_wconf 90' lang='lat' dir='ltr'>hes</span> <span class='ocrx_word' id='word_1_128' title='bbox 276 1619 310 1654; x_wconf 91' lang='lat' dir='ltr'>ne</span> <span class='ocrx_word' id='word_1_129' title='bbox 328 1602 429 1670; x_wconf 91' lang='lat' dir='ltr'>possim</span> <span class='ocrx_word' id='word_1_130' title='bbox 448 1605 562 1656; x_wconf 91' lang='lat' dir='ltr'>naturae</span> <span class='ocrx_word' id='word_1_131' title='bbox 581 1603 712 1655; x_wconf 86' lang='lat' dir='ltr'>secedere</span> <span class='ocrx_word' id='word_1_132' title='bbox 731 1602 823 1669; x_wconf 86' lang='lat' dir='ltr'>partis,</span> 
     </span>
    </p>

    <p class='ocr_par' dir='ltr' id='par_1_12' title="bbox 136 1678 858 1746">
     <span class='ocr_line' id='line_1_21' title="bbox 136 1678 858 1746; baseline -0.003 -14"><span class='ocrx_word' id='word_1_133' title='bbox 136 1679 266 1746; x_wconf 78' lang='lat' dir='ltr'>Frigidus</span> <span class='ocrx_word' id='word_1_134' title='bbox 284 1679 424 1732; x_wconf 87' lang='lat' dir='ltr'>obstiterit</span> <span class='ocrx_word' id='word_1_135' title='bbox 442 1679 544 1732; x_wconf 90' lang='lat' dir='ltr'>circum</span> <span class='ocrx_word' id='word_1_136' title='bbox 563 1678 722 1746; x_wconf 85' lang='lat' dir='ltr'>praecordia</span> <span class='ocrx_word' id='word_1_137' title='bbox 742 1679 858 1746; x_wconf 87' lang='lat' dir='ltr'>sanguis,</span> 
     </span>
    </p>

    <p class='ocr_par' dir='ltr' id='par_1_13' title="bbox 135 1754 990 2054">
     <span class='ocr_line' id='line_1_22' title="bbox 136 1754 990 1823; baseline 0.001 -15"><span class='ocrx_word' id='word_1_138' title='bbox 136 1757 211 1809; x_wconf 87' lang='lat' dir='ltr'>Rura</span> <span class='ocrx_word' id='word_1_139' title='bbox 229 1755 295 1809; x_wconf 87' lang='lat' dir='ltr'>milri</span> <span class='ocrx_word' id='word_1_140' title='bbox 314 1759 342 1808; x_wconf 91' lang='lat' dir='ltr'>et</span> <span class='ocrx_word' id='word_1_141' title='bbox 360 1755 430 1822; x_wconf 88' lang='lat' dir='ltr'>rigui</span> <span class='ocrx_word' id='word_1_142' title='bbox 448 1755 574 1823; x_wconf 83' lang='lat' dir='ltr'>placeant</span> <span class='ocrx_word' id='word_1_143' title='bbox 592 1755 619 1808; x_wconf 89' lang='lat' dir='ltr'>in</span> <span class='ocrx_word' id='word_1_144' title='bbox 638 1754 753 1807; x_wconf 87' lang='lat' dir='ltr'>vallibus</span> <span class='ocrx_word' id='word_1_145' title='bbox 771 1771 879 1820; x_wconf 74' lang='lat' dir='ltr'>amnes,</span> <span class='ocrx_word' id='word_1_146' title='bbox 955 1772 990 1809; x_wconf 80' lang='lat' dir='ltr'>sse</span> 
     </span>
     <span class='ocr_line' id='line_1_23' title="bbox 135 1830 916 1900; baseline -0.001 -15"><span class='ocrx_word' id='word_1_147' title='bbox 135 1832 262 1886; x_wconf 78' lang='lat' dir='ltr'>Flumine</span> <span class='ocrx_word' id='word_1_148' title='bbox 280 1849 368 1885; x_wconf 90' lang='lat' dir='ltr'>amem</span> <span class='ocrx_word' id='word_1_149' title='bbox 387 1831 522 1899; x_wconf 84' lang='lat' dir='ltr'>silvasque</span> <span class='ocrx_word' id='word_1_150' title='bbox 541 1830 676 1897; x_wconf 86' lang='lat' dir='ltr'>inglorius.</span> <span class='ocrx_word' id='word_1_151' title='bbox 716 1831 747 1897; x_wconf 88' lang='lat'>0,</span> <span class='ocrx_word' id='word_1_152' title='bbox 768 1830 814 1884; x_wconf 90' lang='lat' dir='ltr'>ubi</span> <span class='ocrx_word' id='word_1_153' title='bbox 829 1833 916 1900; x_wconf 90' lang='lat' dir='ltr'>campi</span> 
     </span>
     <span class='ocr_line' id='line_1_24' title="bbox 135 1907 867 1977; baseline -0.003 -15"><span class='ocrx_word' id='word_1_154' title='bbox 135 1908 352 1977; x_wconf 83' lang='lat' dir='ltr'>Spercheusque,</span> <span class='ocrx_word' id='word_1_155' title='bbox 372 1912 401 1962; x_wconf 88' lang='lat' dir='ltr'>et</span> <span class='ocrx_word' id='word_1_156' title='bbox 419 1907 568 1974; x_wconf 84' lang='lat' dir='ltr'>virginibus</span> <span class='ocrx_word' id='word_1_157' title='bbox 587 1907 717 1960; x_wconf 85' lang='lat' dir='ltr'>bacchata</span> <span class='ocrx_word' id='word_1_158' title='bbox 737 1907 867 1960; x_wconf 84' lang='lat' dir='ltr'>Lacaenis</span> 
     </span>
     <span class='ocr_line' id='line_1_25' title="bbox 135 1982 867 2054; baseline -0.004 -16"><span class='ocrx_word' id='word_1_159' title='bbox 135 1985 271 2054; x_wconf 76' lang='lat' dir='ltr'>Taygeta!</span> <span class='ocrx_word' id='word_1_160' title='bbox 294 2001 318 2052; x_wconf 94' lang='lat' dir='ltr'>o,</span> <span class='ocrx_word' id='word_1_161' title='bbox 337 1985 385 2054; x_wconf 89' lang='lat' dir='ltr'>qni</span> <span class='ocrx_word' id='word_1_162' title='bbox 403 2000 447 2036; x_wconf 88' lang='lat' dir='ltr'>me</span> <span class='ocrx_word' id='word_1_163' title='bbox 465 1982 564 2050; x_wconf 82' lang='lat' dir='ltr'>gelidis</span> <span class='ocrx_word' id='word_1_164' title='bbox 582 1982 749 2036; x_wconf 87' lang='lat' dir='ltr'>convallibus</span> <span class='ocrx_word' id='word_1_165' title='bbox 769 1983 867 2036; x_wconf 87' lang='lat' dir='ltr'>Haemi</span> 
     </span>
    </p>

    <p class='ocr_par' dir='ltr' id='par_1_14' title="bbox 136 2057 828 2128">
     <span class='ocr_line' id='line_1_26' title="bbox 136 2057 828 2128; baseline -0.004 -14"><span class='ocrx_word' id='word_1_166' title='bbox 136 2061 230 2128; x_wconf 90' lang='lat' dir='ltr'>Sistat,</span> <span class='ocrx_word' id='word_1_167' title='bbox 249 2064 278 2114; x_wconf 86' lang='lat' dir='ltr'>et</span> <span class='ocrx_word' id='word_1_168' title='bbox 296 2060 400 2128; x_wconf 83' lang='lat' dir='ltr'>ingenti</span> <span class='ocrx_word' id='word_1_169' title='bbox 418 2076 554 2112; x_wconf 83' lang='lat' dir='ltr'>remorum</span> <span class='ocrx_word' id='word_1_170' title='bbox 573 2063 701 2128; x_wconf 87' lang='lat' dir='ltr'>protegat</span> <span class='ocrx_word' id='word_1_171' title='bbox 718 2057 828 2111; x_wconf 85' lang='lat' dir='ltr'>umbra!</span> 
     </span>
    </p>

    <p class='ocr_par' dir='ltr' id='par_1_15' title="bbox 137 2136 992 2281">
     <span class='ocr_line' id='line_1_27' title="bbox 137 2136 992 2206; baseline 0 -16"><span class='ocrx_word' id='word_1_172' title='bbox 137 2136 223 2204; x_wconf 77' lang='lat' dir='ltr'>Felix,</span> <span class='ocrx_word' id='word_1_173' title='bbox 243 2137 290 2206; x_wconf 91' lang='lat' dir='ltr'>qui</span> <span class='ocrx_word' id='word_1_174' title='bbox 308 2137 398 2205; x_wconf 90' lang='lat' dir='ltr'>potuit</span> <span class='ocrx_word' id='word_1_175' title='bbox 416 2153 507 2190; x_wconf 86' lang='lat' dir='ltr'>rernm</span> <span class='ocrx_word' id='word_1_176' title='bbox 526 2153 688 2205; x_wconf 87' lang='lat' dir='ltr'>cognoscere</span> <span class='ocrx_word' id='word_1_177' title='bbox 706 2151 822 2202; x_wconf 79' lang='lat' dir='ltr'>caussae,</span> <span class='ocrx_word' id='word_1_178' title='bbox 955 2152 992 2190; x_wconf 72' lang='lat' dir='ltr'>sao</span> 
     </span>
     <span class='ocr_line' id='line_1_28' title="bbox 138 2212 782 2281; baseline -0.003 -14"><span class='ocrx_word' id='word_1_179' title='bbox 138 2215 232 2281; x_wconf 85' lang='lat' dir='ltr'>Atque</span> <span class='ocrx_word' id='word_1_180' title='bbox 251 2216 340 2266; x_wconf 91' lang='lat' dir='ltr'>metus</span> <span class='ocrx_word' id='word_1_181' title='bbox 359 2213 445 2266; x_wconf 89' lang='lat' dir='ltr'>omnis</span> <span class='ocrx_word' id='word_1_182' title='bbox 464 2216 492 2267; x_wconf 90' lang='lat' dir='ltr'>ct</span> <span class='ocrx_word' id='word_1_183' title='bbox 510 2212 677 2266; x_wconf 85' lang='lat' dir='ltr'>inexorabile</span> <span class='ocrx_word' id='word_1_184' title='bbox 695 2213 782 2266; x_wconf 82' lang='lat' dir='ltr'>fatum</span> 
     </span>
    </p>

    <p class='ocr_par' dir='ltr' id='par_1_16' title="bbox 137 2289 906 2435">
     <span class='ocr_line' id='line_1_29' title="bbox 137 2289 906 2360; baseline 0.001 -17"><span class='ocrx_word' id='word_1_185' title='bbox 137 2289 258 2344; x_wconf 90' lang='lat' dir='ltr'>Subiecit</span> <span class='ocrx_word' id='word_1_186' title='bbox 276 2289 392 2356; x_wconf 90' lang='lat' dir='ltr'>podibus</span> <span class='ocrx_word' id='word_1_187' title='bbox 410 2291 612 2360; x_wconf 87' lang='lat' dir='ltr'>strepitumque</span> <span class='ocrx_word' id='word_1_188' title='bbox 634 2290 800 2344; x_wconf 83' lang='lat' dir='ltr'>Acherontis</span> <span class='ocrx_word' id='word_1_189' title='bbox 817 2291 906 2344; x_wconf 82' lang='lat' dir='ltr'>averit</span> 
     </span>
     <span class='ocr_line' id='line_1_30' title="bbox 138 2365 813 2435; baseline -0.001 -15"><span class='ocrx_word' id='word_1_190' title='bbox 138 2367 307 2420; x_wconf 83' lang='lat' dir='ltr'>Fortunatus</span> <span class='ocrx_word' id='word_1_191' title='bbox 326 2370 355 2418; x_wconf 89' lang='lat' dir='ltr'>et</span> <span class='ocrx_word' id='word_1_192' title='bbox 373 2365 426 2431; x_wconf 87' lang='lat' dir='ltr'>ille,</span> <span class='ocrx_word' id='word_1_193' title='bbox 447 2365 513 2418; x_wconf 90' lang='lat' dir='ltr'>deos</span> <span class='ocrx_word' id='word_1_194' title='bbox 532 2367 578 2435; x_wconf 89' lang='lat' dir='ltr'>qui</span> <span class='ocrx_word' id='word_1_195' title='bbox 597 2367 671 2419; x_wconf 90' lang='lat' dir='ltr'>novit</span> <span class='ocrx_word' id='word_1_196' title='bbox 690 2367 813 2433; x_wconf 76' lang='lat' dir='ltr'>agrestis,</span> 
     </span>
    </p>

    <p class='ocr_par' dir='ltr' id='par_1_17' title="bbox 138 2442 992 2664">
     <span class='ocr_line' id='line_1_31' title="bbox 138 2442 946 2513; baseline 0.001 -16"><span class='ocrx_word' id='word_1_197' title='bbox 138 2444 267 2510; x_wconf 86' lang='lat' dir='ltr'>Panaque</span> <span class='ocrx_word' id='word_1_198' title='bbox 287 2443 479 2510; x_wconf 82' lang='lat' dir='ltr'>Silvanumque</span> <span class='ocrx_word' id='word_1_199' title='bbox 498 2459 590 2496; x_wconf 89' lang='lat' dir='ltr'>senem</span> <span class='ocrx_word' id='word_1_200' title='bbox 611 2442 808 2513; x_wconf 83' lang='lat' dir='ltr'>Nymphasque</span> <span class='ocrx_word' id='word_1_201' title='bbox 826 2448 946 2498; x_wconf 84' lang='lat' dir='ltr'>sorores!</span> 
     </span>
     <span class='ocr_line' id='line_1_32' title="bbox 139 2519 992 2590; baseline 0.001 -17"><span class='ocrx_word' id='word_1_202' title='bbox 139 2521 220 2574; x_wconf 90' lang='lat' dir='ltr'>lllum</span> <span class='ocrx_word' id='word_1_203' title='bbox 240 2537 292 2572; x_wconf 92' lang='lat' dir='ltr'>non</span> <span class='ocrx_word' id='word_1_204' title='bbox 312 2519 404 2588; x_wconf 89' lang='lat' dir='ltr'>pepuli</span> <span class='ocrx_word' id='word_1_205' title='bbox 423 2519 515 2587; x_wconf 85' lang='lat' dir='ltr'>fasces,</span> <span class='ocrx_word' id='word_1_206' title='bbox 534 2537 587 2573; x_wconf 91' lang='lat' dir='ltr'>non</span> <span class='ocrx_word' id='word_1_207' title='bbox 605 2537 727 2590; x_wconf 88' lang='lat' dir='ltr'>purpura</span> <span class='ocrx_word' id='word_1_208' title='bbox 745 2537 840 2590; x_wconf 87' lang='lat' dir='ltr'>rogum</span> <span class='ocrx_word' id='word_1_209' title='bbox 957 2537 992 2574; x_wconf 61' lang='lat' dir='ltr'>sero</span> 
     </span>
     <span class='ocr_line' id='line_1_33' title="bbox 139 2595 791 2664; baseline -0.002 -13"><span class='ocrx_word' id='word_1_210' title='bbox 139 2597 229 2651; x_wconf 75' lang='lat' dir='ltr'>Fleuit</span> <span class='ocrx_word' id='word_1_211' title='bbox 247 2601 276 2650; x_wconf 91' lang='lat' dir='ltr'>et</span> <span class='ocrx_word' id='word_1_212' title='bbox 293 2595 391 2650; x_wconf 86' lang='lat' dir='ltr'>infidos</span> <span class='ocrx_word' id='word_1_213' title='bbox 410 2596 514 2664; x_wconf 85' lang='lat' dir='ltr'>agitans</span> <span class='ocrx_word' id='word_1_214' title='bbox 533 2596 667 2651; x_wconf 85' lang='lat' dir='ltr'>discordia</span> <span class='ocrx_word' id='word_1_215' title='bbox 684 2598 791 2660; x_wconf 87' lang='lat' dir='ltr'>iratres,</span> 
     </span>
    </p>

    <p class='ocr_par' dir='ltr' id='par_1_18' title="bbox 140 2673 830 2740">
     <span class='ocr_line' id='line_1_34' title="bbox 140 2673 830 2740; baseline -0.001 -13"><span class='ocrx_word' id='word_1_216' title='bbox 140 2675 198 2727; x_wconf 89' lang='lat' dir='ltr'>Ant</span> <span class='ocrx_word' id='word_1_217' title='bbox 216 2674 355 2726; x_wconf 87' lang='lat' dir='ltr'>coniurato</span> <span class='ocrx_word' id='word_1_218' title='bbox 376 2673 542 2727; x_wconf 88' lang='lat' dir='ltr'>descendens</span> <span class='ocrx_word' id='word_1_219' title='bbox 562 2675 653 2730; x_wconf 85' lang='lat' dir='ltr'>Dacus</span> <span class='ocrx_word' id='word_1_220' title='bbox 671 2675 706 2728; x_wconf 93' lang='lat' dir='ltr'>ab</span> <span class='ocrx_word' id='word_1_221' title='bbox 728 2674 830 2740; x_wconf 88' lang='lat' dir='ltr'>Histro,</span> 
     </span>
    </p>

    <p class='ocr_par' dir='ltr' id='par_1_19' title="bbox 139 2749 909 2820">
     <span class='ocr_line' id='line_1_35' title="bbox 139 2749 909 2820; baseline -0.004 -15"><span class='ocrx_word' id='word_1_222' title='bbox 139 2750 200 2805; x_wconf 85' lang='lat' dir='ltr'>Non</span> <span class='ocrx_word' id='word_1_223' title='bbox 219 2766 263 2802; x_wconf 89' lang='lat' dir='ltr'>res</span> <span class='ocrx_word' id='word_1_224' title='bbox 283 2750 421 2804; x_wconf 83' lang='lat' dir='ltr'>Rornanee</span> <span class='ocrx_word' id='word_1_225' title='bbox 439 2751 617 2820; x_wconf 87' lang='lat' dir='ltr'>perituraque</span> <span class='ocrx_word' id='word_1_226' title='bbox 635 2768 735 2818; x_wconf 88' lang='lat' dir='ltr'>regna;</span> <span class='ocrx_word' id='word_1_227' title='bbox 756 2767 846 2819; x_wconf 90' lang='lat' dir='ltr'>neque</span> <span class='ocrx_word' id='word_1_228' title='bbox 863 2749 909 2803; x_wconf 91' lang='lat' dir='ltr'>ille</span> 
     </span>
    </p>

    <p class='ocr_par' dir='ltr' id='par_1_20' title="bbox 139 2825 993 3201">
     <span class='ocr_line' id='line_1_36' title="bbox 140 2825 907 2896; baseline -0.003 -16"><span class='ocrx_word' id='word_1_229' title='bbox 140 2829 198 2880; x_wconf 85' lang='lat' dir='ltr'>Aut</span> <span class='ocrx_word' id='word_1_230' title='bbox 216 2827 304 2879; x_wconf 92' lang='lat' dir='ltr'>doluit</span> <span class='ocrx_word' id='word_1_231' title='bbox 323 2828 453 2880; x_wconf 88' lang='lat' dir='ltr'>miserans</span> <span class='ocrx_word' id='word_1_232' title='bbox 472 2828 587 2896; x_wconf 87' lang='lat' dir='ltr'>inopem,</span> <span class='ocrx_word' id='word_1_233' title='bbox 607 2833 655 2881; x_wconf 88' lang='lat' dir='ltr'>aut</span> <span class='ocrx_word' id='word_1_234' title='bbox 673 2828 771 2881; x_wconf 89' lang='lat' dir='ltr'>invidit</span> <span class='ocrx_word' id='word_1_235' title='bbox 789 2825 907 2880; x_wconf 87' lang='lat' dir='ltr'>habenti.</span> 
     </span>
     <span class='ocr_line' id='line_1_37' title="bbox 139 2903 993 2972; baseline -0.001 -17"><span class='ocrx_word' id='word_1_236' title='bbox 139 2903 212 2966; x_wconf 79' lang='lat' dir='ltr'>Quos</span> <span class='ocrx_word' id='word_1_237' title='bbox 230 2903 298 2956; x_wconf 88' lang='lat' dir='ltr'>rami</span> <span class='ocrx_word' id='word_1_238' title='bbox 317 2904 429 2971; x_wconf 85' lang='lat' dir='ltr'>fructus,</span> <span class='ocrx_word' id='word_1_239' title='bbox 449 2921 516 2972; x_wconf 91' lang='lat' dir='ltr'>quos</span> <span class='ocrx_word' id='word_1_240' title='bbox 535 2904 594 2972; x_wconf 88' lang='lat' dir='ltr'>ipsa</span> <span class='ocrx_word' id='word_1_241' title='bbox 612 2905 730 2957; x_wconf 86' lang='lat' dir='ltr'>volentia</span> <span class='ocrx_word' id='word_1_242' title='bbox 748 2920 812 2958; x_wconf 86' lang='lat' dir='ltr'>rura</span> <span class='ocrx_word' id='word_1_243' title='bbox 957 2915 993 2954; x_wconf 76' lang='lat' dir='ltr'>too</span> 
     </span>
     <span class='ocr_line' id='line_1_38' title="bbox 139 2980 807 3048; baseline 0 -16"><span class='ocrx_word' id='word_1_244' title='bbox 139 2980 241 3047; x_wconf 90' lang='lat' dir='ltr'>Sponte</span> <span class='ocrx_word' id='word_1_245' title='bbox 260 2980 349 3034; x_wconf 89' lang='lat' dir='ltr'>tulere</span> <span class='ocrx_word' id='word_1_246' title='bbox 369 2997 423 3046; x_wconf 93' lang='lat' dir='ltr'>sua,</span> <span class='ocrx_word' id='word_1_247' title='bbox 443 2981 552 3048; x_wconf 88' lang='lat' dir='ltr'>carpsit,</span> <span class='ocrx_word' id='word_1_248' title='bbox 571 2997 621 3033; x_wconf 90' lang='lat' dir='ltr'>nco</span> <span class='ocrx_word' id='word_1_249' title='bbox 639 2981 728 3034; x_wconf 84' lang='lat' dir='ltr'>ferrea</span> <span class='ocrx_word' id='word_1_250' title='bbox 747 2981 807 3034; x_wconf 92' lang='lat' dir='ltr'>iura</span> 
     </span>
     <span class='ocr_line' id='line_1_39' title="bbox 140 3055 857 3126; baseline -0.003 -17"><span class='ocrx_word' id='word_1_251' title='bbox 140 3055 325 3126; x_wconf 91' lang='lat' dir='ltr'>Insanumque</span> <span class='ocrx_word' id='word_1_252' title='bbox 343 3058 431 3110; x_wconf 88' lang='lat' dir='ltr'>forum</span> <span class='ocrx_word' id='word_1_253' title='bbox 450 3059 498 3108; x_wconf 88' lang='lat' dir='ltr'>eut</span> <span class='ocrx_word' id='word_1_254' title='bbox 515 3057 607 3125; x_wconf 91' lang='lat' dir='ltr'>pepuli</span> <span class='ocrx_word' id='word_1_255' title='bbox 627 3057 762 3110; x_wconf 78' lang='lat' dir='ltr'>tabularia</span> <span class='ocrx_word' id='word_1_256' title='bbox 780 3055 857 3108; x_wconf 89' lang='lat' dir='ltr'>vidit.</span> 
     </span>
     <span class='ocr_line' id='line_1_40' title="bbox 139 3133 805 3201; baseline 0 -15"><span class='ocrx_word' id='word_1_257' title='bbox 139 3133 292 3187; x_wconf 86' lang='lat' dir='ltr'>Sollicitent</span> <span class='ocrx_word' id='word_1_258' title='bbox 310 3134 354 3186; x_wconf 89' lang='lat' dir='ltr'>alii</span> <span class='ocrx_word' id='word_1_259' title='bbox 372 3133 455 3187; x_wconf 88' lang='lat' dir='ltr'>remis</span> <span class='ocrx_word' id='word_1_260' title='bbox 473 3134 545 3185; x_wconf 83' lang='lat' dir='ltr'>freta</span> <span class='ocrx_word' id='word_1_261' title='bbox 562 3149 648 3199; x_wconf 87' lang='lat' dir='ltr'>caeca,</span> <span class='ocrx_word' id='word_1_262' title='bbox 667 3137 805 3201; x_wconf 87' lang='lat' dir='ltr'>ruuntque</span> 
     </span>
    </p>

    <p class='ocr_par' dir='ltr' id='par_1_21' title="bbox 140 3209 844 3283">
     <span class='ocr_line' id='line_1_41' title="bbox 140 3209 844 3283; baseline -0.006 -17"><span class='ocrx_word' id='word_1_263' title='bbox 140 3209 173 3266; x_wconf 89' lang='lat' dir='ltr'>lu</span> <span class='ocrx_word' id='word_1_264' title='bbox 192 3209 301 3280; x_wconf 77' lang='lat' dir='ltr'>ferrum,</span> <span class='ocrx_word' id='word_1_265' title='bbox 319 3212 467 3283; x_wconf 85' lang='lat' dir='ltr'>penetrant</span> <span class='ocrx_word' id='word_1_266' title='bbox 485 3209 560 3265; x_wconf 83' lang='lat' dir='ltr'>aulas</span> <span class='ocrx_word' id='word_1_267' title='bbox 578 3214 606 3263; x_wconf 88' lang='lat' dir='ltr'>et</span> <span class='ocrx_word' id='word_1_268' title='bbox 624 3209 716 3264; x_wconf 90' lang='lat' dir='ltr'>limina</span> <span class='ocrx_word' id='word_1_269' title='bbox 734 3225 844 3280; x_wconf 62' lang='lat' dir='ltr'>reguum</span> 
     </span>
    </p>
   </div>
   <div class='ocr_carea' id='block_1_3' title="bbox 0 0 1150 3562">
    <p class='ocr_par' dir='ltr' id='par_1_22' title="bbox 0 0 1150 3562">
     <span class='ocr_line' id='line_1_42' title="bbox 0 0 1150 3562; baseline 0 0"><span class='ocrx_word' id='word_1_270' title='bbox 0 0 1150 3562; x_wconf 95' lang='lat' dir='ltr'> </span> 
     </span>
    </p>
   </div>
  </div>
 </body>
</html>
