2266 3562
110 161 124 203 4
337 160 366 207 P.
388 157 539 207 VERGILI
559 159 728 207 MARONIS

107 234 131 288 Ο
150 236 268 291 formose
285 256 361 307 puer,
380 240 494 292 nimium
517 256 551 292 ne
568 239 652 292 credo
670 239 770 293 colori!

108 313 182 367 Alba
199 315 314 383 ligustra
333 315 441 384 cadunt,
460 315 578 369 vaccinia
596 316 675 383 nigra
692 314 829 383 leguntur,

108 388 260 459 Despectus
279 392 329 446 tibi
349 410 415 458 sum,
434 410 491 459 nec,
511 392 558 460 qui
577 393 635 454 sim,
654 391 771 458 quaeris,
792 391 884 446 Alexi.

108 467 195 531 erom
214 468 290 522 dives
308 469 420 536 pecoris,
440 469 511 522 nivei
530 485 612 536 quam
631 467 709 520 laetis
728 468 889 535 absurdam,
943 484 967 523 aa

107 542 184 597 Mille
202 561 279 598 ureae
299 545 396 598 Siculis
415 549 508 599 errant
526 544 554 596 in
573 543 713 597 montibus
732 561 838 613 egaram

108 618 161 673 Lae
179 621 246 673 mihi
264 637 317 674 non
336 626 442 676 aestate
461 638 568 684 novum,
586 636 640 672 non
660 621 761 688 frigore
779 621 855 674 defit.

107 695 200 762 Canto,
219 714 289 765 quae
308 697 412 766 solitus,
431 697 580 765 siquando
600 700 724 750 armenta
743 697 866 764 vocabat,

108 773 245 842 Amphion
265 773 397 828 Dircaeus
415 774 442 827 in
462 773 567 827 Actaeo
588 773 751 840 Aracyntho

106 846 165 902 Nec
183 866 242 902 sum
261 850 330 904 adeo
348 850 487 904 informis:
506 866 594 917 nuper
612 866 656 902 me
674 848 702 901 in
721 849 801 903 litore
820 851 886 914 vidi,
942 865 966 906 ro

105 923 174 978 Dum
192 925 329 994 placidum
347 927 436 980 ventis
455 929 542 979 staret
561 942 653 990 mare;
672 941 725 977 nou
744 942 795 992 ego
814 925 953 995 Daphnim

107 1000 202 1055 Iudice
219 1005 249 1056 tc
267 1007 395 1069 luctuum,
413 1003 435 1056 si
453 1019 603 1070 numquam
621 1001 692 1055 sulit
709 1001 808 1070 imago.

105 1076 129 1129 O
148 1083 257 1132 tantum
274 1079 359 1132 libeat
376 1096 483 1132 meeum
500 1077 553 1132 tibi
573 1077 686 1131 sordida
703 1095 769 1132 rura

106 1155 202 1224 Atque
220 1155 328 1209 humilis
346 1155 471 1209 habitare
488 1172 572 1223 cassis,
592 1159 621 1208 et
639 1155 724 1222 ligere
742 1172 844 1220 cervos,

106 1231 321 1300 Haedorumque
338 1249 450 1300 gregem
468 1231 548 1284 viridi
567 1231 731 1299 compellere
749 1230 871 1285 hibisco!
940 1246 966 1285 m

105 1309 213 1362 Mecum
231 1326 284 1362 una
301 1309 329 1362 in
348 1309 422 1362 silvis
434 1307 579 1361 imitabere
601 1307 675 1359 Paua
694 1307 824 1360 canendo.

106 1383 163 1436 Pan
180 1384 284 1452 primus
302 1385 418 1437 calamos
435 1400 498 1438 cera
516 1383 681 1450 coniungere
701 1383 787 1450 pluris

105 1460 247 1525 Instituta
268 1461 323 1514 Pan
342 1461 495 1514 curatoris
514 1460 659 1526 oviumque
678 1459 835 1526 magistros.

104 1537 208 1590 Necte
226 1538 367 1605 poeniteat
385 1537 487 1591 calamo
506 1536 616 1590 trivisse
636 1535 780 1589 labellum:

10 1661 14 1667 .
106 1613 181 1668 llaec
199 1613 296 1667 eadem
314 1617 345 1667 ut
364 1614 453 1680 sciret,
471 1613 539 1683 quid
557 1629 612 1665 non
632 1611 750 1666 iaciebat
770 1614 922 1680 Amyntasl
940 1627 964 1667 ss

104 1691 154 1744 list
171 1690 237 1742 mihi
256 1690 411 1759 disparibus
430 1695 536 1758 septem
556 1691 700 1756 compacta
719 1687 815 1741 cicutis

105 1765 218 1830 Fistula,
238 1766 385 1820 Damoetas
405 1767 476 1819 dono
494 1766 559 1819 mihi
580 1781 662 1834 quam
683 1763 762 1817 dedit
782 1764 854 1832 olim,

106 1843 140 1896 ut
158 1843 229 1896 dixit
247 1843 380 1897 moriens:
400 1843 438 1896 Te
456 1859 529 1895 nune
547 1842 632 1895 habet
651 1841 705 1894 ista
724 1841 883 1894 secundum.

104 1919 182 1973 Dixit
202 1919 362 1974 Damoetas:
381 1918 479 1972 invidit
498 1919 599 1973 stultus
619 1919 761 1985 Amyntas.

106 1996 253 2050 Praeterea
269 1996 331 2062 duo,
350 2011 400 2049 nee
418 1999 480 2049 tuta
498 1995 564 2047 mihi
583 1994 653 2048 valle
672 1993 783 2061 reperti,
941 2009 966 2047 40

105 2073 236 2141 Capreoli,
255 2073 356 2140 sparsis
374 2072 458 2125 etiam
477 2088 549 2124 nunc
567 2069 685 2138 pellibus
704 2069 774 2136 albo,

107 2149 175 2202 Bina
192 2148 237 2202 die
255 2149 358 2202 siccant
375 2148 432 2201 ovis
451 2147 554 2212 ubera;
572 2163 639 2214 qrios
659 2145 710 2198 tibi
730 2162 814 2200 servo.

105 2227 165 2280 Iam
184 2225 290 2295 pridem
309 2243 325 2278 a
342 2242 386 2278 me
405 2225 465 2278 illos
484 2223 620 2278 abducere
641 2222 777 2291 Thestylis
795 2228 874 2288 orat;

105 2304 141 2358 llt
157 2303 246 2368 saciet,
264 2303 392 2370 quoniam
412 2301 526 2354 sordent
546 2299 598 2352 tibi
617 2316 732 2352 munera
750 2303 849 2353 nostra.

106 2381 167 2433 Huc
185 2378 258 2442 ades,
276 2396 292 2431 o
311 2379 428 2431 formose
446 2394 531 2446 puer:
551 2375 603 2430 tibi
622 2374 679 2428 lilia
697 2376 785 2444 plenis
941 2392 965 2429 rs

105 2457 173 2510 llece
190 2455 283 2508 ferunt
302 2454 444 2522 Nymphae
464 2452 597 2518 calathis;
615 2451 667 2505 tibi
687 2453 804 2506 candida
823 2453 897 2518 Nais,

105 2531 236 2586 l'alleutis
254 2531 338 2584 violas
357 2533 385 2584 et
404 2546 511 2583 summa
529 2545 668 2598 papavera
689 2546 812 2597 carpens,

104 2608 260 2662 Narcissum
279 2611 307 2661 ct
326 2607 420 2661 florem
438 2607 528 2674 iungit
547 2606 617 2659 bene
637 2605 737 2668 olentis
759 2605 873 2668 anethi;

103 2685 179 2750 'Tum
197 2684 270 2738 casia
287 2691 372 2753 atquo
391 2684 452 2736 aliis
472 2683 598 2737 intexens
619 2681 749 2736 suavibus
766 2680 867 2745 herbis,

103 2761 198 2814 Mollia
215 2761 317 2814 luteola
333 2760 423 2829 pingit
442 2759 561 2813 vaccinia
579 2759 676 2812 caltha.
942 2771 966 2809 ao

105 2837 168 2905 lpse
186 2854 237 2905 ego
256 2853 323 2890 cana
342 2836 431 2905 legam
452 2841 549 2890 tenera
561 2835 691 2902 lanugine
709 2834 789 2901 mala,

103 2913 306 2980 Drrstaneasque
323 2930 414 2981 nuces,
434 2931 496 2967 mea
514 2929 583 2982 quas
604 2910 754 2978 Amaryllis
771 2907 897 2971 amabat,

105 2989 215 3042 Addam
234 3006 312 3043 cerea
330 3007 435 3058 pruna:
452 2990 539 3045 honos
558 2988 611 3041 erit
630 2987 694 3040 huie
714 3001 822 3054 quoque
841 3000 937 3052 pomo;

104 3065 140 3119 Et
158 3082 212 3132 vos,
231 3083 246 3118 o
264 3066 340 3134 lauri,
353 3084 470 3137 carparis,
489 3069 518 3119 et
537 3069 573 3130 te,
591 3063 715 3132 proxima
732 3064 828 3128 myrte,

103 3141 147 3194 Sic
164 3142 271 3210 positae
289 3143 418 3212 quoniam
437 3143 528 3198 suavis
547 3139 667 3193 miscetis
687 3138 790 3190 odores.
943 3151 967 3188 cs

212 3237 234 3270 *s
252 3237 289 3284 es,
309 3221 452 3290 Corydon:
472 3235 522 3273 nec
540 3233 654 3269 munera
672 3218 750 3268 curat
770 3212 874 3279 Alexis,
