2266 3562
376 165 564 216 BUCOLICA.
597 163 671 214 ECL.
694 164 724 213 V.
952 154 979 203 ll

23 275 24 278 ¹
128 251 171 304 'Pu
189 249 273 303 dacus
291 264 371 300 omne
388 247 450 301 tuis.
489 247 637 313 Postquam
655 248 686 300 te
703 246 760 300 iata
777 245 908 312 tulerunt,

130 328 197 394 lpsa
215 325 294 378 Pales
311 341 391 391 agros
409 327 493 393 atque
510 323 569 392 ipse
587 323 700 392 reliquit
721 322 825 392 Apollo.
957 339 980 379 ss

128 401 252 456 Grandia
270 417 352 469 saepe
370 400 469 469 quibus
487 399 675 454 mandavimus
692 401 796 454 hordea
814 398 902 464 sulcis,

129 479 232 532 Infelix
249 478 343 532 lolium
362 481 391 531 et
408 478 517 531 steriles
535 482 684 531 nascuntur
701 493 803 531 avenae
812 497 820 542 ;

130 556 186 608 Pro
205 555 279 608 molli
298 554 374 618 viola
392 571 442 622 pro
461 570 598 622 purpureo
616 555 743 620 narcisso,

129 631 256 686 Oarduus
274 635 303 684 et
322 631 407 698 spinis
425 631 513 697 surgit
531 629 652 698 paliurus
671 631 767 685 acutis.

129 708 258 776 Spargite
276 707 388 760 humum
406 706 485 772 foliis,
504 705 628 759 inducite
645 707 767 760 fontibus
784 705 904 771 umbras,
963 717 986 755 so

129 785 279 848 Pastores3
297 783 411 836 mandat
429 782 488 836 lieri
507 782 559 836 sibi
577 782 643 836 talia
663 783 802 851 Daphnis3

130 862 165 914 llt
184 861 320 914 tumulum
339 859 428 924 facite,
447 863 476 912 et
495 859 600 912 tumulo
618 859 797 927 superaddite
814 873 939 910 cannen:

165 937 288 1005 Daphnis
306 953 356 1004 ego
375 937 402 988 in
421 935 503 1002 silvis,
522 935 584 988 hine
602 953 689 1004 usque
708 935 743 988 ad
762 935 853 986 sidera
866 937 986 999 uetusti

165 1014 287 1067 Formosi
306 1014 411 1081 pecoris
429 1017 527 1078 custos,
546 1013 689 1065 formosior
707 1013 772 1080 ipse.

167 1090 221 1144 Mc.
242 1090 307 1142 Tale
325 1093 403 1142 tuum
421 1105 532 1142 carmen
550 1088 635 1155 nobis,
654 1088 746 1141 divine
763 1091 852 1156 poeta,

129 1167 216 1230 Quale
235 1183 316 1235 sopor
333 1166 411 1218 fessis
428 1166 456 1218 in
474 1165 604 1233 gramine,
623 1165 703 1234 quale
721 1182 771 1233 per
789 1167 895 1216 aestum

129 1243 223 1297 Dulcis
241 1259 328 1310 aquae
347 1242 460 1294 saliente
479 1242 552 1294 sitim
571 1242 742 1309 restinguere
759 1241 823 1293 rivo.

129 1320 155 1372 N
157 1337 187 1374 ec
205 1319 315 1374 calamis
334 1318 421 1371 solum
440 1319 609 1386 aequiparas,
629 1318 678 1371 scd
696 1333 761 1370 voce
780 1321 948 1383 magistrum.

131 1397 281 1449 Fortunate
299 1412 373 1464 puer,
391 1399 423 1447 tu
441 1411 511 1447 nnnc
529 1394 583 1447 eris
602 1394 672 1446 alter
689 1393 724 1446 ab
742 1393 794 1446 illo.

129 1473 154 1526 N
157 1489 187 1526 os
199 1477 291 1526 tamen
304 1472 370 1524 haec
382 1487 553 1538 quocumque
565 1470 647 1522 modo
659 1470 711 1523 tibi
724 1475 819 1523 nostra
830 1469 948 1522 vicissim
960 1483 985 1521 sc

130 1549 266 1614 Dicemus,
284 1547 476 1615 Daphnimque
495 1551 574 1600 tuum
592 1547 719 1600 tollemus
737 1546 773 1599 ad
790 1551 883 1610 astra,

130 1625 258 1692 Daphnin
270 1623 306 1676 ad
319 1627 392 1676 astra
405 1623 536 1677 feremus:
550 1624 650 1676 amavit
662 1639 711 1676 nos
724 1640 832 1691 quoque
845 1621 974 1690 Daphnis

129 1700 187 1754 Mo.
207 1701 252 1752 An
271 1701 415 1767 quicquam
434 1698 511 1752 nobis
530 1699 578 1753 tali
597 1700 633 1752 sit
653 1716 765 1752 munere
784 1699 893 1752 maiusl

130 1777 166 1830 Et
183 1793 251 1845 puer
268 1777 327 1844 ipse
344 1775 396 1828 fait
414 1777 517 1828 cantari
536 1776 642 1843 dignus,
662 1780 690 1829 et
709 1777 761 1830 ista

131 1853 190 1906 Iam
208 1853 316 1920 pridem
335 1851 466 1904 Stimicon
484 1851 605 1905 laudavit
623 1853 744 1905 earmina
762 1851 846 1904 nobis.
961 1865 985 1905 ss

161 1929 216 1983 Mc.
236 1928 376 1982 (laudidus
394 1927 531 1982 insuetum
550 1929 666 1981 miratur
684 1929 766 1982 limen
785 1927 891 1996 Olympi

130 2006 186 2060 Sub
204 2004 374 2074 pedibusque
393 2003 469 2056 videt
486 2004 572 2058 nubes
591 2009 620 2058 et
638 2005 728 2059 sidera
747 2005 876 2073 Daphnis.

130 2083 202 2149 Ergo
220 2081 315 2134 alacris
333 2081 415 2133 silvas
432 2083 461 2134 et
479 2085 571 2134 cetera
589 2099 653 2135 rura
670 2083 795 2150 voluptas

131 2159 260 2226 Panaque
277 2160 457 2224 pastoresque
475 2160 553 2210 tenet
572 2158 750 2226 Dryadasque
767 2157 879 2226 puellas

130 2233 154 2287 N
158 2250 188 2287 ec
206 2232 285 2301 lupus
303 2233 415 2286 insidias
432 2233 533 2301 pecori,
550 2251 601 2287 nec
618 2235 689 2287 retia
707 2235 794 2288 cervis
961 2249 986 2286 oo

130 2309 194 2363 Ulla
212 2308 304 2362 dolum
322 2308 509 2374 meditantur;
526 2314 600 2363 amat
618 2309 705 2363 bonus
723 2309 780 2363 otia
798 2310 929 2376 Daphnis.

129 2386 189 2455 lpsi
206 2385 313 2438 laetitia
331 2401 410 2438 voces
428 2385 465 2438 ad
483 2385 575 2438 sidera
592 2387 697 2440 iactant

131 2463 238 2517 Intonsi
256 2467 382 2526 montes;
400 2461 476 2531 ipsae
493 2463 548 2516 iam
567 2463 686 2516 carmina
705 2480 794 2530 rupes,

131 2541 195 2608 Ipsa
214 2544 312 2593 sonant
329 2538 457 2593 arbusta:
477 2540 552 2606 deus,
572 2539 640 2592 deus
658 2539 711 2606 ille,
731 2539 868 2592 Menalca!

130 2617 172 2669 Sis
190 2616 278 2670 bonus
296 2632 312 2667 o
331 2615 450 2685 felixque
469 2614 540 2669 tuis!
560 2633 593 2668 en
613 2619 745 2684 quattuor
762 2631 840 2669 aras:
961 2629 986 2667 cc

132 2693 200 2746 llcce
219 2693 287 2746 duas
306 2691 364 2758 tibi,
385 2691 500 2759 Daphni,
521 2691 589 2744 duas
608 2692 706 2745 altaria
726 2691 842 2744 Phoebo.

131 2769 231 2822 Pocula
250 2769 316 2822 bina
333 2784 402 2820 novo
421 2768 575 2836 spumantia
593 2767 665 2820 lacte
685 2768 847 2835 quotannis

130 2847 316 2914 Craterasque
335 2845 403 2898 duos
421 2849 541 2899 statuam
561 2843 613 2898 tibi
631 2844 739 2912 pinguis
758 2844 829 2910 olivi,

129 2923 167 2978 ut
186 2921 272 2974 midto
289 2921 318 2973 in
336 2921 431 2988 primis
448 2921 566 2974 hilarans
585 2920 707 2974 convivia
726 2919 839 2984 Baccho,

133 3001 207 3054 Ante
225 2997 322 3064 iocum,
341 2997 364 3049 si
381 2997 468 3065 frigus
487 2997 547 3063 erit,
567 2997 589 3051 si
607 2996 711 3062 messis,
729 2995 757 3047 in
776 2993 881 3057 umbra,
961 3007 986 3048 is

130 3076 202 3129 Vina
221 3090 320 3126 norum
337 3073 449 3127 fundam
466 3073 580 3128 calathis
600 3071 710 3125 Ariusia
727 3075 828 3124 nectar.

130 3150 289 3207 Cantabunt
306 3150 373 3202 mihi
392 3148 538 3203 Damoetas
555 3153 585 3202 et
603 3147 713 3216 Lyctius
734 3148 848 3214 Aegon3

130 3226 263 3351 satagas
282 3225 392 3294 Satyros
409 3225 562 3279 imitabitur
582 3223 787 3294 Alphesiboeus.
