2268 3570
433 173 618 223 AENEIDOS
636 176 703 224 LIB.
723 177 773 225 IX.
971 183 1018 230 26³

171 256 200 310 lt
216 258 319 311 clamor
336 259 402 312 totis
423 276 473 327 per
489 262 693 330 propugnacula
710 264 811 329 muris3

171 331 324 388 Intendunt
342 336 412 388 acris
430 352 516 402 arcus,
534 342 699 407 amentaque
717 343 855 409 torquent.
983 358 1019 396 eos

170 408 311 463 Sternitur
328 427 408 464 omne
427 412 513 465 solum
533 414 609 480 telis3
631 418 691 468 tum
710 422 788 470 scuta
805 433 942 486 cavaeque

170 483 244 538 Dant
262 487 380 540 sonitum
400 487 476 542 flictu
492 489 601 556 galeae;
622 508 714 560 pugna
731 509 828 562 aspera
846 494 948 562 surgit:

170 561 293 626 Quantus
311 561 346 615 ab
365 579 461 617 occasu
479 566 590 618 veniens
607 567 771 636 pluvialibus
792 568 897 622 Haedis

170 636 307 691 Verberat
324 638 413 693 imber
431 639 559 706 humum;
583 660 665 711 qnam
682 644 768 698 multa
781 645 916 712 grandine
931 645 1016 699 nimbi

171 712 204 765 In
216 713 286 767 vada
297 716 485 784 praecipitant,
498 733 560 771 eum
574 719 701 788 Iuppiter
712 720 840 774 horridus
852 721 953 774 austris
982 735 1018 776 070

169 788 290 858 Torquet
302 808 431 860 aquosam
444 793 560 846 hiemem
579 798 608 848 et
626 795 700 848 eaelo
718 813 784 850 aava
797 796 890 850 nubila
905 798 1016 866 rumpit.

204 866 347 920 Pandarus
365 872 394 921 et
413 868 508 937 Bitias,
528 870 613 923 Idaeo
632 871 767 925 Alcanore
784 873 860 940 creti,

169 940 243 1005 Quos
262 943 335 996 lovis
353 944 450 997 eduxit
466 945 527 998 luco
545 947 678 1000 silvestris
698 947 785 1015 luera,

169 1017 316 1073 Abietibus
334 1020 446 1074 iuvenes
462 1022 560 1089 patriis
578 1027 607 1076 et
625 1023 763 1077 montibus
781 1040 888 1093 aequos,

169 1094 288 1162 Portam,
307 1112 377 1163 quae
395 1095 472 1149 ducis
490 1097 596 1166 inperio
614 1099 764 1167 commissa,
782 1100 935 1166 recludunt,
980 1115 1016 1157 ers

169 1170 245 1225 Freti
263 1173 353 1240 armis,
371 1173 500 1242 ultroque
517 1174 636 1228 invitant
653 1176 795 1229 moenibus
813 1175 928 1231 hostem.

169 1247 226 1316 Ipsi
243 1247 317 1302 intus
336 1250 435 1302 dextra
453 1266 484 1303 ac
502 1249 578 1303 laeva
596 1266 647 1319 pro
664 1251 787 1304 turribus
805 1253 923 1322 adstant,

169 1325 277 1378 Armati
295 1325 367 1379 ferro
385 1330 414 1380 et
431 1327 521 1380 cristis
539 1328 630 1396 oepita
647 1327 703 1381 alta
720 1330 836 1384 corusci:

168 1400 267 1464 Quales
286 1402 377 1459 aeriae
397 1402 531 1470 liquentia
549 1403 662 1457 flumina
682 1405 791 1472 circum,

167 1476 229 1530 Sive
250 1477 318 1530 Padi
338 1478 412 1546 ripis,
435 1479 562 1532 Athesim
583 1496 631 1532 seu
649 1485 762 1549 propter
781 1498 931 1550 amoenum,
979 1498 1015 1536 aso

168 1551 342 1620 Consurgunt
359 1555 483 1621 geminae
501 1572 616 1622 quereus
634 1556 795 1625 intonsaque
812 1559 886 1612 eaelo

169 1629 309 1682 Attollunt
329 1629 420 1697 capita
438 1633 467 1682 et
487 1630 596 1683 sublimi
617 1632 719 1685 vertice
738 1637 843 1687 nutent.

168 1703 340 1773 Inrumpunt,
361 1705 452 1758 aditus
473 1706 568 1758 Rutuli
588 1711 620 1760 ut
639 1707 733 1761 videre
752 1709 880 1777 patentis.

168 1781 302 1834 Continuo
323 1779 461 1845 Quercens
480 1785 509 1834 et
528 1782 640 1850 pulcher
661 1783 810 1851 Aquicolus
829 1784 911 1837 armis

168 1855 204 1910 lit
222 1873 353 1925 praeceps
374 1857 456 1911 animi
476 1857 590 1910 Tmarus
609 1861 637 1911 ct
660 1858 811 1912 Mavortius
831 1859 955 1914 Haemon
978 1876 1015 1915 aas

167 1933 330 2001 Agminibus
349 1933 416 1987 totis
435 1937 484 1988 aut
501 1934 574 1988 versi
593 1937 672 2002 terga
691 1934 800 2002 dedere,

167 2010 227 2063 Aut
245 2009 304 2078 ipso
321 2014 418 2079 portae
436 2027 553 2080 posuere
574 2011 603 2064 in
622 2010 715 2064 limine
734 2011 824 2065 vitam.

167 2085 235 2138 Tum
251 2087 337 2154 magis
356 2087 511 2140 increscunt
530 2087 627 2140 animis
652 2087 822 2140 discordibus
840 2087 911 2153 irae3

167 2160 203 2214 Et
221 2160 276 2214 iam
294 2162 401 2215 collecti
421 2162 504 2215 Troes
522 2163 709 2229 glomerantur
730 2162 834 2228 eodem,

166 2236 202 2290 Et
222 2238 345 2291 conferre
366 2254 475 2290 manum
494 2241 524 2291 ot
542 2254 703 2306 procurrere
722 2238 827 2307 longius
845 2238 956 2293 audent.
978 2254 1015 2294 ceo

200 2312 313 2369 Ductori
335 2313 434 2380 Turno,
452 2313 561 2367 diversa
580 2313 606 2365 in
627 2317 706 2381 parte
724 2314 826 2368 furenti

165 2390 353 2459 Turbantique
372 2389 451 2458 viros,
472 2390 611 2458 perfertur
632 2390 751 2457 nuntius,
769 2390 876 2445 hostem

166 2467 283 2521 Fervere
299 2467 383 2521 caedo
403 2483 479 2534 nova,
499 2471 528 2520 et
547 2471 641 2536 pertas
656 2467 790 2536 praebere
808 2469 937 2537 patentis.

167 2543 276 2597 Deserit
294 2543 441 2612 inceptum,
460 2547 545 2612 atque
564 2543 666 2596 inmani
687 2543 808 2597 concitus
826 2543 866 2598 ira

165 2619 332 2672 Dardaniam
350 2620 406 2673 ruit
431 2620 466 2673 ad
492 2623 599 2688 portam
621 2619 777 2688 fratresque
797 2622 935 2689 superbos.
979 2636 1015 2675 ms

164 2695 201 2748 llt
219 2697 337 2764 primum
359 2696 536 2765 Antiphaten,
556 2697 579 2749 is
600 2697 721 2750 enimse
742 2695 847 2765 primus
869 2696 978 2766 agebat,

164 2771 293 2825 Thebana
314 2772 349 2825 de
368 2776 456 2825 matre
475 2772 589 2825 nothum
609 2771 774 2841 Sarpedonis
793 2772 850 2839 alti,

164 2848 292 2902 (leniente
310 2848 409 2901 sternit
426 2848 527 2912 iaerrl03
551 2849 624 2901 volat
645 2848 717 2901 itala
735 2864 832 2902 cornus

166 2926 239 2978 Aera
256 2939 307 2992 per
324 2927 458 2991 tenerum,
476 2924 669 2993 stomachoque
687 2924 771 2979 infixa
789 2923 839 2977 sub
858 2925 943 2980 altum

166 3001 266 3054 Pectus
286 3001 359 3065 abit;
383 2999 477 3054 reddit
496 3017 592 3068 specus
611 3001 664 3054 atri
682 3000 799 3054 volneris
818 3001 919 3055 undam
976 3017 1013 3057 700

164 3076 351 3145 Spumantem,
373 3079 402 3130 ct
421 3076 476 3128 fixo
493 3076 597 3129 ferrum
614 3077 641 3128 in
660 3076 788 3144 pulmone
805 3078 930 3145 tepescit.
980 3091 992 3112 ‘

164 3151 233 3208 Tum
257 3152 398 3222 Meropem
426 3155 510 3223 atque
530 3152 679 3222 Erymanta
706 3169 797 3221 manu,
825 3155 885 3207 tum
913 3155 1013 3210 sternit

234 3228 412 3299 Aphidnum:
