2290 3568
429 152 504 200 AEN
507 152 611 201 EIDOS
628 151 698 200 LIB.
717 151 766 199 VI.
980 153 1025 200 201

171 231 214 284 Ae
231 229 307 284 velut
324 231 353 283 in
371 232 459 300 pratis
477 232 524 285 ubi
543 249 608 301 apes
626 235 732 286 aestate
751 249 847 287 serena

175 307 299 360 Floribus
317 308 438 362 insidunt
456 309 544 376 variis,
563 313 591 362 et
609 308 726 361 candida
744 309 844 362 circum

173 383 242 436 Lilia
259 384 424 450 funduntur;
444 385 543 453 strepit
561 385 647 436 omnis
665 401 804 437 murmure
822 400 944 452 cnrnpus.

173 460 316 514 Horrescit
334 461 393 514 visu
412 460 508 525 subito,
528 476 690 527 caussasque
708 461 824 529 requirit
991 475 1026 514 mo

172 535 278 590 luscius
297 540 413 604 Aeneas,
433 553 503 604 quae
522 537 576 589 sint
595 553 627 588 ea
645 536 756 590 flumina
773 553 862 606 pomo,

172 613 258 678 Quive
276 613 327 666 viri
345 617 423 667 tanto
442 613 593 681 conplerint
612 613 720 680 agmine
739 614 819 682 ripas.

171 688 239 742 'l'um
257 694 337 758 poter
356 689 504 742 Anchises:
526 691 649 755 Animae,
668 689 767 757 quibus
785 690 873 744 altera
890 689 946 742 lato
975 746 977 751 .

170 764 290 834 Corpora
309 765 452 831 debentur,
473 765 586 819 Lethaei
605 765 640 818 ad
659 765 777 819 fluminis
794 766 895 819 undam

169 841 284 894 Securos
301 842 397 895 latices
415 845 444 894 et
462 842 542 908 longa
560 841 659 893 oblivia
677 847 780 909 potant.
989 855 1024 894 715

171 917 229 970 Has
247 918 375 986 equidem
394 934 545 970 memorare
564 917 614 970 tibi
633 920 717 986 atque
735 918 881 972 ostendere
899 934 996 983 coram,

170 993 336 1061 Iampridem
353 994 421 1046 hane
439 993 543 1060 prolem
562 993 639 1060 cupio
658 1009 816 1046 enumerare
835 1010 964 1060 meorum,

168 1071 228 1132 Quo
246 1069 332 1135 magis
352 1068 434 1121 Italia
452 1085 558 1122 meeum
576 1069 679 1122 laetere
697 1073 813 1137 reperta.

168 1148 191 1192 (l
205 1149 290 1213 pater,
303 1161 372 1198 anne
384 1145 489 1214 aliquas
501 1145 537 1198 ad
554 1145 658 1199 caelum
676 1145 738 1198 hinc
755 1145 795 1199 ire
810 1145 963 1214 putandum
980 1151 1023 1202 est

167 1221 294 1274 Sublimis
313 1221 422 1288 animas,
441 1223 595 1290 iterumque
613 1221 649 1275 ad
667 1222 748 1276 tarda
766 1223 866 1276 reverti
987 1237 1023 1277 reo

168 1299 305 1366 Corporal
323 1315 395 1367 quae
414 1299 480 1352 lucis
498 1299 606 1353 miseris
624 1303 681 1352 tom
700 1299 760 1352 dira
778 1299 893 1367 cupidol

168 1375 263 1428 Dicam
281 1375 415 1443 equidem,
435 1393 484 1429 nec
503 1381 539 1429 te.
550 1393 718 1445 suspensum,
737 1379 808 1442 nate,
828 1375 944 1442 tenebo,

166 1449 283 1520 Suscipit
304 1451 443 1518 Anchises,
461 1457 546 1520 atque
565 1454 660 1506 ordine
679 1453 784 1520 singula
803 1453 906 1521 pandit.

202 1527 337 1596 Principio
356 1528 459 1596 caelum
478 1545 509 1582 ac
527 1533 615 1582 terras
633 1546 795 1598 camposque
815 1529 945 1599 liquentis

167 1604 369 1672 Lucentemque
387 1604 498 1671 globum
518 1605 610 1657 Lunae
629 1605 788 1672 Titaniaque
807 1609 881 1658 astra
985 1622 1020 1662 725

165 1681 283 1748 Spiritus
301 1681 375 1734 intus
393 1681 449 1748 alit,
469 1685 609 1749 totamque
628 1681 717 1732 infusa
733 1697 783 1748 per
801 1685 878 1733 artus

167 1757 247 1810 Mens
265 1757 352 1825 agitat
371 1758 469 1810 molem
489 1761 517 1810 ct
536 1773 633 1825 magno
652 1773 681 1810 se
699 1773 812 1824 corpore
830 1757 932 1810 miscet.

168 1833 237 1887 lnde
254 1834 392 1887 hominum
410 1835 600 1902 pecudumque
617 1851 704 1902 genus
722 1833 850 1902 vitaeque
868 1833 1007 1888 volantum

167 1909 203 1962 bit
221 1927 291 1980 quae
309 1927 461 1964 marmoreo
479 1911 534 1965 fert
553 1915 674 1964 monstra
691 1910 742 1964 sub
760 1925 878 1978 aequore
896 1915 1002 1979 pontus.

168 1987 268 2054 lgneus
287 1994 330 2040 est
348 1988 407 2041 ollis
425 1988 501 2056 vigor
519 1992 547 2042 et
566 1988 690 2041 caelestis
709 1989 784 2055 origo
984 2004 1019 2042 rso

165 2062 326 2131 Seminibus,
344 2067 476 2132 quantum
494 2080 547 2117 non
565 2065 645 2116 noxia
663 2081 775 2132 corpora
792 2066 904 2118 tardant

165 2139 333 2206 Terrenique
351 2139 482 2192 hebetant
500 2143 576 2192 artus
594 2139 808 2207 moribundaque
826 2141 955 2193 membra.

169 2215 239 2267 llinc
262 2217 388 2267 metuunt
412 2215 586 2282 cupiuntque,
611 2214 705 2267 dolent
728 2215 911 2282 gaudentque,
930 2233 1019 2286 neque

234 2307 314 2343 auras

168 2366 326 2434 llespiciunt
344 2366 451 2420 clausae
469 2365 591 2419 tenebris
610 2370 638 2420 et
655 2383 764 2420 carcere
782 2384 867 2422 caeco.

166 2443 237 2506 Quin
255 2447 284 2496 et
302 2460 428 2511 supremo
446 2460 507 2496 eum
526 2443 626 2496 lumine
645 2443 701 2496 vita
719 2443 838 2512 reliquit,
982 2462 1018 2500 css

167 2520 191 2572 N
194 2537 228 2572 on
246 2523 339 2573 tamen
357 2537 437 2573 omne
455 2519 555 2573 molum
573 2520 679 2573 miseris
698 2537 747 2573 nec
765 2521 889 2574 funditus
907 2539 1001 2576 omnes

167 2598 319 2665 Corporeae
338 2597 474 2650 excedunt
491 2600 589 2664 pestes,
608 2597 771 2667 penitusque
788 2615 898 2652 necesse
916 2603 959 2654 ost

165 2671 255 2727 Multa
273 2673 320 2726 diu
338 2677 464 2727 concreta
482 2673 569 2726 modis
588 2673 735 2727 inolescere
753 2673 836 2730 miris,

166 2748 238 2818 Ergo
257 2753 419 2803 exercentur
436 2749 538 2817 poenis,
558 2753 734 2820 veterumque
752 2751 884 2805 malorum

166 2826 303 2894 Supplicia
321 2825 491 2893 expendunt:
510 2826 579 2878 oliae
597 2828 755 2894 panduntur
773 2827 859 2880 inanis
981 2844 1017 2883 710

166 2903 317 2971 Suspensas
336 2902 372 2956 ad
390 2905 501 2965 ventos;
518 2902 579 2955 aliis
598 2902 647 2954 sub
665 2904 773 2970 gurgite
792 2907 869 2956 vasto

167 2979 303 3034 Infectum
322 2979 422 3032 eluitur
441 2978 534 3041 scelus,
553 2983 601 3031 ant
619 2979 743 3032 exuritur
761 2979 815 3047 igni
825 3001 831 3043 ;

166 3057 287 3124 Quisque
305 3070 367 3108 suos
384 3055 504 3123 patimur
523 3055 625 3119 Manis;
643 3055 742 3108 exinde
760 3073 809 3124 per
827 3055 946 3123 amplum

167 3132 305 3185 Mittimur
325 3130 452 3200 lllysium,
471 3135 500 3184 et
519 3132 596 3198 pauci
615 3132 688 3186 laeta
706 3149 770 3185 arva
788 3137 928 3200 tenemus;

165 3207 257 3261 Donec
275 3208 356 3280 longa
373 3207 439 3270 dies,
456 3206 578 3277 perfecto
595 3209 726 3279 temporis
744 3207 818 3278 orbe,
979 3225 1015 3266 res
