2266 3562
96 154 99 159 .
137 118 166 162 se
216 101 219 105 ’
371 114 400 162 P.
420 113 571 170 vnsernr
590 114 757 162 mAsoms

136 196 271 262 Tempore
283 211 446 262 quamquam
459 195 505 246 illo
517 195 599 248 tellus
612 213 721 264 quoque
734 201 763 250 et
775 214 894 266 aequora
905 198 992 268 ponti,

126 273 332 341 ,obscenaeque
350 288 439 336 earnes,
456 271 675 340 inportunaeque
694 272 816 326 uolucres
954 290 994 330 wo

136 350 220 418 Signa
237 348 346 402 dabant
385 349 517 412 Quotiens
536 348 682 417 Cyelopum
701 349 832 403 effervere
851 351 878 403 in
896 367 979 420 agros

138 427 264 480 Vidimus
281 425 430 478 undantem
449 425 538 493 ruptis
557 425 715 478 fornacibus
733 428 860 492 Aetnam,

137 504 373 570 Flammammque
391 502 486 569 globos
504 501 706 570 liquefactaque
724 503 834 556 volvere
852 507 930 558 saxa!

138 585 283 633 Armormu
303 579 420 632 sonitum
437 582 498 631 toto
516 578 663 632 Gerruauiu
681 580 755 634 caelo

138 657 249 720 Audiit;
266 655 380 708 insolitis
399 658 571 707 tremuerunt
589 656 709 708 motibus
729 657 820 724 Alpes
955 672 993 712 47⁵

136 733 196 786 Vox
215 749 323 800 quoque
340 749 390 800 per
407 731 483 784 lucos
500 732 578 800 volgo
596 733 725 786 exaudita
744 734 856 801 silentis,

136 810 244 878 lugens,
263 813 294 862 et
310 808 454 861 simulacra
471 808 560 861 modis
577 808 706 876 pallentia
724 811 797 862 miris

136 886 202 940 Visa
219 885 270 940 sub
288 885 432 938 obscurum
452 885 555 950 noctis,
573 885 747 954 pecudesque
765 887 879 954 locutae,

137 963 295 1016 lnfrurduml
315 962 415 1016 sistunt
433 978 534 1028 amnes,
554 965 702 1030 terraeque
719 963 870 1028 dehiseunt,

136 1039 171 1094 llt
178 1038 471 1092 maestuminlacrimat
481 1037 592 1105 templis
599 1037 674 1106 ebur,
682 1055 801 1107 seraque
809 1039 917 1092 sudant
951 1053 992 1092 sm

137 1116 241 1168 Proluit
257 1116 353 1168 insano
369 1119 551 1182 contorquens
568 1116 670 1168 vertice
688 1115 771 1168 silvas

136 1192 290 1244 llluviorum
308 1208 356 1243 rex
376 1191 515 1252 Eridanus,
534 1208 700 1260 camposque
716 1209 766 1260 per
784 1192 873 1245 omnis

134 1271 203 1322 Grmr
221 1267 336 1320 strbrdis
353 1271 478 1320 armentu
494 1267 567 1320 tulit.
605 1268 661 1322 Neo
679 1272 804 1336 tempere
822 1267 919 1322 codem

134 1345 270 1398 Tristibus
286 1349 335 1397 aut
352 1344 426 1396 extis
442 1343 527 1396 fibrae
546 1344 679 1412 adparere
697 1345 823 1411 minaces,

136 1425 195 1474 Aut
211 1422 302 1490 puteis
319 1436 429 1472 manare
447 1437 526 1472 eruor
544 1422 668 1487 cessarit,
687 1424 717 1474 et
735 1421 807 1474 altae
951 1423 991 1477 ast

136 1499 189 1551 Per
205 1502 313 1550 noctem
330 1513 457 1549 resonare
476 1497 548 1564 lupis
564 1497 728 1550 ululantibus
747 1497 839 1550 urbes.

135 1574 195 1627 llon
213 1574 279 1626 alies
297 1572 372 1625 melo
389 1573 549 1626 ceciderunt
565 1573 643 1642 plura
662 1590 756 1626 sereno

134 1649 262 1718 Fulgura,
280 1666 333 1702 uee
349 1648 403 1701 diri
419 1649 523 1702 totiens
539 1667 633 1704 arsere
649 1655 779 1703 cometae

134 1726 208 1794 Ergo
223 1726 294 1779 inter
314 1742 375 1778 sese
391 1724 504 1793 paribus
520 1743 683 1780 concurrere
699 1724 764 1778 telis

135 1803 272 1878 ltouranas
288 1803 360 1855 acies
376 1802 476 1854 iterum
495 1802 590 1856 videre
611 1801 727 1870 Philippi
736 1822 744 1866 ;
949 1818 990 1857 rm

134 1879 193 1932 Nee
208 1879 260 1931 fuit
277 1877 419 1945 iudignrun
439 1879 549 1944 superis,
570 1877 613 1932 bis
630 1878 759 1946 sanguine
777 1882 871 1932 nostre

135 1955 287 2007 llmatlriam
306 1958 334 2006 et
352 1953 424 2006 latos
442 1953 540 2006 Haemi
559 1957 737 2023 pinguescere
753 1969 871 2022 campos

134 2031 242 2084 Scilicet
260 2034 289 2083 et
306 2034 414 2097 tempus
433 2030 532 2097 reniet,
552 2049 613 2084 cum
632 2031 731 2084 finibus
748 2031 803 2084 illis

135 2107 269 2175 Agricola,
287 2107 397 2159 incurvo
415 2109 518 2159 terrem
538 2107 647 2160 molitus
666 2113 768 2173 aratro,

135 2183 224 2236 blaesa
239 2183 361 2236 inveniet
377 2182 472 2235 ambra
490 2182 615 2251 robigine
633 2184 696 2252 pila,
949 2201 980 2246 uf

137 2263 195 2312 dut
210 2259 338 2326 gravibus
356 2259 453 2312 rastris
468 2259 560 2326 galeas
578 2258 698 2328 pulsabit
722 2261 816 2324 inanis,

135 2335 309 2404 Grandiaque
328 2335 434 2388 effossis
450 2335 594 2389 mirabitur
614 2352 674 2388 ossa
694 2335 849 2404 sepulchris

138 2413 169 2465 ui
187 2412 278 2480 patrii,
297 2411 445 2479 Indigetes
465 2415 496 2465 et
514 2412 629 2466 Romule
648 2411 788 2480 Vestaque
807 2416 905 2479 mater,

135 2490 210 2554 Quae
228 2489 346 2541 Tuscum
363 2488 483 2541 'l'iberim
500 2492 529 2542 et
548 2489 670 2542 ltomana
689 2489 794 2543 Palatia
811 2505 911 2555 servas,

137 2565 216 2618 llune
233 2565 330 2618 saltem
349 2580 443 2618 euerso
461 2566 587 2618 iuvenem
604 2583 760 2626 succurrere
778 2565 866 2619 saeclo
949 2581 989 2619 ab

134 2641 177 2693 Ne
194 2641 351 2708 prohibete!
390 2641 461 2694 Satis
479 2642 533 2694 iam
550 2642 656 2711 pridem
676 2644 805 2710 sauguine
823 2646 916 2698 nostru

135 2716 353 2770 Laomedonteae
370 2718 469 2770 luimus
487 2720 605 2786 periuria
626 2719 736 2783 Troiam

135 2792 193 2845 lam
212 2793 318 2860 pridem
336 2793 414 2846 nobis
432 2794 499 2846 caeli
517 2797 546 2847 te
565 2795 646 2863 regia,
666 2794 773 2861 Caesar,

135 2867 252 2935 Invidet,
271 2873 356 2937 atquo
373 2869 512 2923 hominum
532 2872 655 2938 queritur
674 2887 770 2924 curare
788 2872 957 2941 triumphos;

135 2944 241 3012 Quippe
253 2944 299 2997 ubi
312 2945 354 2997 fas
367 2962 473 2997 versum
485 2949 569 3014 atque
581 2946 669 2999 nefas:
686 2950 728 3000 tot
740 2945 812 3000 bella
823 2966 872 3016 per
884 2949 989 3016 orbem,

135 3020 201 3072 'lam
218 3021 321 3074 multae
340 3020 472 3073 scelerum
490 3021 587 3086 facies;
606 3039 660 3075 non
678 3023 752 3076 ullus
767 3029 858 3078 aratro
950 3042 990 3082 soe

136 3095 240 3163 Dignus
257 3097 356 3160 honos3
376 3096 502 3162 squalent
519 3096 646 3151 abductis
662 3115 727 3152 arm
744 3100 852 3165 colonis,

136 3171 171 3224 ut
189 3188 287 3224 curvae
305 3170 424 3238 rigidum
443 3171 525 3224 falces
543 3174 694 3228 conflantur
712 3175 739 3229 iu
757 3175 866 3232 ensem*
