2290 3568
24 225 28 232 s
56 151 70 176 s
152 171 155 196 ν
341 153 369 204 Ρ.
391 153 546 204 veneras
567 155 731 206 araaours

147 238 178 288 10
195 233 262 303 dics,
281 235 377 289 urbem
396 242 425 290 et
444 238 505 290 finis
524 242 552 291 ct
570 238 652 292 litora
669 241 758 307 gentis

110 313 215 364 inversi
234 313 393 380 explorant;
415 314 481 366 llaec
499 314 583 366 fontis
602 319 699 382 stagna
718 315 835 382 Numici,
923 331 961 370 150

111 388 190 441 Hunc
209 388 336 457 Thybrim
355 389 473 456 fluvium,
492 389 535 442 nie
554 390 632 443 fortis
651 391 774 446 habitare
794 393 910 447 Latinos

110 465 177 517 'lum
195 469 271 518 satus
291 465 411 518 Anchisa
429 466 549 520 delectos
567 468 662 521 ordine
680 467 715 520 ab
734 469 805 521 omni

110 541 226 596 Centum
245 546 366 595 oratores
384 548 501 610 augusta
519 543 554 595 ad
573 544 678 597 moenia
696 545 769 612 regis

110 619 155 671 100
173 619 256 686 iubet,
275 620 357 671 aunis
376 620 479 672 velatos
499 620 617 672 Palladis
636 622 728 687 omnis,

109 695 241 764 Donaque
260 696 331 748 ferre
351 697 415 765 viro,
433 713 582 765 pacemque
601 714 748 766 exposcere
766 698 882 751 Teucris.
925 715 960 751 100

109 772 193 826 Haud
212 789 294 838 mora,
313 773 445 827 festinant
463 773 528 826 iussi
547 775 704 842 rapidisque
722 775 847 828 feruntur

110 849 244 903 Passibus.
281 849 345 918 Ipse
363 850 456 903 humili
476 851 602 918 designat
621 851 727 904 moenia
745 851 823 918 fossa,

111 925 277 994 Moliturque
295 927 390 993 locum,
409 928 565 995 primasque
584 927 612 979 in
631 927 711 980 litore
731 927 809 980 sedes

111 1003 267 1056 [lastrorum
286 1004 314 1056 in
332 1020 435 1057 morem
454 1003 543 1073 pinnis
562 1007 646 1072 atque
665 1006 765 1071 aggere
783 1003 875 1071 cingit.

113 1079 223 1148 lamque
239 1081 294 1144 ¹iter
312 1082 413 1133 emensi
432 1082 515 1134 turris
534 1097 565 1134 ae
583 1083 657 1133 tecta
677 1080 836 1133 Latinorum
924 1096 960 1133 rso

109 1155 206 1211 Ardua
224 1155 371 1210 cernebant
388 1157 506 1224 iuvenes,
525 1173 657 1224 muroque
676 1156 812 1209 subibant.

82 1229 183 1286 “itate
201 1233 297 1286 urbem
315 1233 393 1301 pueri
411 1237 440 1286 et
458 1235 596 1301 primaevo
615 1233 681 1286 llere
699 1233 827 1286 iuventus

109 1309 278 1362 Exercentur
296 1309 381 1377 equis,
401 1310 591 1378 domitantque
609 1311 637 1361 in
656 1309 769 1378 pulvere
786 1325 889 1376 currus,

109 1387 167 1438 Aut
185 1386 254 1438 acris
272 1386 390 1439 tendunt
409 1403 495 1451 arcus,
515 1390 563 1440 aut
581 1386 656 1440 lenta
675 1385 784 1439 lacertis

108 1461 216 1530 Spicula
233 1465 421 1530 contorquent,
439 1479 575 1531 cursuque
593 1463 704 1532 ictuque
722 1463 871 1536 lacessunt:
925 1477 959 1514 loo

108 1539 176 1592 Cum
194 1543 354 1608 praevectus
372 1557 443 1608 equo
461 1539 584 1608 longaevi
603 1541 676 1608 regis
694 1539 729 1592 ad
748 1539 820 1590 auris

108 1615 228 1667 Nuntius
245 1617 362 1684 ingentis
380 1617 473 1685 ignota
491 1618 518 1670 in
538 1620 614 1670 veste
634 1619 757 1686 reportat

109 1689 261 1744 Advenisse
279 1694 356 1748 vires.
395 1695 446 1748 llle
463 1695 535 1748 intra
554 1699 628 1747 tecta
645 1693 735 1746 vocari

109 1768 227 1836 inperat,
246 1773 275 1822 et
294 1771 359 1822 solio
377 1771 483 1824 modius
501 1771 624 1825 consedit
642 1771 720 1822 avito.

108 1844 219 1898 'lectum
232 1849 386 1913 augustum,
399 1847 501 1913 ingens,
515 1851 623 1900 eentum
638 1845 753 1898 sublime
765 1843 904 1908 columnis,
924 1857 958 1895 00

108 1920 184 1974 Urbe
202 1922 254 1974 fuit
272 1939 383 1987 summa,
404 1921 547 1974 Laurentis
565 1923 641 1988 regia
661 1921 725 1988 Pici,

109 1997 284 2050 Horrendum
304 1998 377 2050 silvis
395 2002 423 2050 et
442 1997 572 2064 religione
591 1999 741 2062 parentum.

110 2074 161 2126 llic
178 2078 286 2142 sceptra
304 2074 424 2142 accipere
444 2077 473 2126 01
491 2073 592 2141 primos
611 2071 737 2124 attollere
755 2074 841 2125 fasces

109 2150 230 2217 ltcgibus
248 2167 326 2202 00000
344 2154 418 2214 0001;
436 2149 486 2202 hoc
505 2149 557 2201 illis
574 2148 649 2200 curia
667 2148 806 2216 templum,

111 2227 169 2279 llae
188 2227 270 2279 sacris
288 2226 366 2280 sedes
385 2226 484 2295 epulis;
505 2225 548 2278 hic
566 2224 653 2278 ariete
672 2241 749 2277 caeso
922 2238 958 2278 ns

109 2303 252 2371 Perpetuis
270 2303 342 2356 soliti
360 2307 452 2372 patres
469 2301 609 2356 considere
627 2301 734 2355 mensis.

108 2379 278 2443 Quinetiam
297 2384 419 2433 veterum
438 2378 541 2446 efligies
560 2395 593 2431 ex
612 2379 707 2431 ordine
725 2395 837 2430 avorum

109 2457 232 2524 Antiqua
250 2473 265 2508 e
283 2456 371 2522 cedro,
393 2455 534 2522 Italusque
553 2459 685 2523 paterque
704 2453 819 2507 Sabinus

108 2532 249 2600 Vitisator,
268 2549 376 2584 curvam
394 2547 506 2585 servans
524 2530 576 2583 sub
593 2531 710 2598 imagine
728 2530 833 2595 falcem,

109 2609 295 2678 Saturnusque
314 2624 396 2660 senex
416 2609 532 2677 Ianique
549 2606 674 2661 bifrontis
692 2607 787 2674 imago,
923 2618 959 2656 1oo

108 2685 252 2738 Vestibulo
271 2683 423 2750 adstabant,
442 2685 541 2754 aliique
559 2683 595 2738 ab
615 2683 717 2750 origine
735 2699 822 2750 reges,

108 2762 263 2830 Martiaque
282 2760 316 2812 ob
336 2777 371 2830 pa
384 2777 450 2813 nam
469 2760 615 2828 pugnando
634 2759 744 2812 volnera
762 2759 840 2826 passi.

109 2838 251 2908 Multaque
268 2842 412 2908 practerea
430 2839 513 2890 sacris
532 2838 559 2889 in
579 2835 703 2906 postibus
722 2851 805 2902 arma,

110 2915 216 2986 Captivi
234 2914 356 2984 pendent
373 2931 475 2979 currus,
495 2930 646 2982 curvaeque
665 2929 780 2979 secures,

110 2993 146 3046 111
164 2992 262 3046 cristae
281 2992 407 3059 capitum,
427 2994 456 3044 et
474 2995 613 3059 portarum
631 2988 754 3055 ingentia
772 2989 897 3053 claustra,
921 2999 957 3038 1⁸5

110 3068 272 3138 Spiculaque
290 3068 425 3136 clipeique
444 3071 593 3136 ereptaque
611 3069 699 3118 rostra
717 3064 821 3116 carinis.

111 3145 175 3213 lpse
193 3145 325 3209 Quirinali
344 3144 419 3210 lituo,
436 3159 573 3212 parvaque
591 3141 705 3196 sedebat

110 3219 267 3274 Succinctus
285 3220 388 3274 trabea.
406 3219 535 3287 laevaque
553 3218 637 3271 ancile
655 3215 769 3284 gerebat
