2268 3570
409 183 593 232 AENEIDOS
611 183 680 234 LIB.
699 187 750 235 XI.
950 191 996 236 303

143 261 166 314 0
186 261 269 316 decus
291 261 387 315 ltaliae
407 260 492 328 virgo,
511 275 580 328 quas
598 260 689 316 dicere
706 268 806 330 grates,

143 337 250 400 Quaeve
267 337 371 390 referre
388 337 499 405 parcunt
523 336 574 390 sed
591 353 671 407 nunc,
688 343 732 392 est
749 341 840 394 omnia
857 339 969 410 quando

144 411 201 467 late
219 413 325 466 animus
343 429 433 481 supra,
452 429 559 466 mecum
578 414 681 482 partire
699 414 827 468 laborem.
961 431 996 469 sn

144 491 259 556 Aeneas,
277 493 309 542 ut
327 489 399 542 lanae
417 489 500 544 fidem
519 489 650 557 missique
668 494 811 558 reportant

144 565 346 633 Exploratores,
365 565 489 634 equitum
509 565 579 619 levio
597 565 726 634 inprobus
744 582 820 620 anna

144 640 296 705 Praemisit,
314 645 463 710 quaterent
481 657 607 709 campos;
625 642 684 709 ipso
702 641 790 696 ardua
807 643 909 698 montis

145 715 198 770 Per
215 716 326 770 deserta
343 718 406 785 iugo
424 733 556 787 superans
574 718 704 772 adventat
721 717 758 771 ad
775 717 879 773 urbem.

144 793 230 847 Furta
246 810 313 862 paro
331 793 396 847 belli
413 810 534 847 convexo
552 793 580 846 in
597 794 709 848 tramite
726 794 817 861 silvae,
960 812 995 851 ⁶15

143 869 183 923 Ut
200 868 288 922 bivias
307 873 413 924 armato
432 869 556 924 obsidam
575 870 662 924 milite
680 870 782 925 lauces.

143 945 183 1000 Tu
201 945 368 1014 Tyrrhenum
387 946 508 1014 equitem
526 945 633 1000 collatis
652 946 746 1014 excipe
763 945 862 1014 signis3
938 939 949 952 ⁸

143 1021 241 1074 Tecum
259 1037 323 1074 acer
341 1022 483 1089 Messapus
501 1022 562 1089 erit,
582 1025 745 1092 turmaeque
763 1021 885 1089 Latium,

143 1096 304 1166 Tiburtique
322 1115 431 1162 manus3
450 1098 529 1152 ducis
546 1104 576 1152 et
593 1101 625 1152 tu
642 1099 753 1166 concipe
771 1113 871 1151 curam.

143 1173 187 1226 Sic
204 1174 250 1240 ait,
269 1177 299 1227 et
316 1173 428 1242 paribus
447 1174 604 1243 Messapum
622 1175 650 1226 in
668 1175 773 1243 proelia
791 1173 872 1228 dictis
960 1189 996 1227 aaa

144 1250 280 1303 Hortatur
299 1250 439 1318 sociosque
457 1249 549 1317 duces,
566 1253 595 1304 et
612 1250 704 1318 pergit
721 1251 749 1304 in
766 1250 881 1303 bostem.

146 1325 194 1378 Est
211 1342 293 1378 curro
311 1326 436 1378 anfractu
454 1325 546 1392 valles,
563 1326 742 1380 adcommoda
757 1325 847 1379 fraudi

145 1404 346 1470 Armorumque
364 1401 441 1467 dolis,
460 1419 542 1470 quam
560 1402 652 1456 densis
670 1401 812 1456 frondibus
828 1406 919 1456 atrum

145 1476 254 1544 Urguet
271 1477 411 1546 utrimque
429 1478 508 1545 latus,
526 1479 617 1531 tenuis
634 1495 688 1546 quo
706 1479 804 1532 semita
822 1479 898 1533 ducit

145 1554 342 1621 Angustaeque
359 1553 453 1607 ferunt
470 1553 562 1606 fauces
581 1553 727 1622 aditusque
744 1555 861 1622 maligni.
959 1571 995 1609 sas

145 1629 225 1682 Hanc
243 1646 326 1697 super
345 1629 371 1682 in
390 1629 507 1697 speculis
526 1645 686 1696 summoque
703 1629 732 1681 in
750 1630 852 1683 vertice
870 1630 971 1684 montis

145 1703 275 1758 Planities
293 1705 387 1773 ignota
404 1705 482 1771 iacet,
501 1706 610 1773 tutique
629 1721 759 1772 recessus,

143 1781 200 1834 Seu
218 1781 318 1834 dextra
335 1781 467 1849 Mevaquo
486 1781 552 1834 velis
569 1797 713 1834 occurrere
730 1796 843 1848 pugnae,

144 1856 207 1909 Sive
224 1856 328 1910 instare
347 1856 418 1924 iugis
437 1859 466 1910 et
482 1856 599 1924 grandia
616 1857 724 1910 volvere
742 1872 813 1909 saxa

145 1931 208 1985 Huc
225 1933 330 1986 iuvenis
348 1936 414 1986 nota
431 1932 521 1986 fertur
538 1933 649 2000 regione
667 1933 778 1998 aiamim,
958 1948 994 1986 aaa

147 2007 325 2076 Arripuitque
343 2008 432 2062 locum
451 2010 480 2061 et
498 2008 572 2062 silvis
590 2008 691 2062 insedit
708 2008 813 2076 iniquia.

178 2083 306 2138 Velocem
325 2084 432 2138 interea
450 2085 555 2152 superis
573 2085 601 2138 iu
619 2083 731 2138 sedibus
748 2084 837 2152 Opim,

145 2156 233 2210 Unam
252 2175 286 2210 ex
305 2157 455 2225 virginibus
473 2159 553 2212 sociis
571 2175 701 2227 sacraque
718 2163 834 2226 caterva,

143 2233 333 2302 compellabat
351 2239 380 2288 et
397 2233 447 2288 bas
465 2235 555 2289 tristis
573 2235 689 2288 Latonia
707 2251 785 2290 voees

143 2309 199 2363 Ore
216 2309 314 2365 dabat:
334 2311 466 2365 Graditur
484 2310 586 2365 bellum
602 2311 640 2365 ad
658 2312 768 2366 crudele
786 2311 907 2379 Camilla,
958 2329 993 2368 aas

142 2385 167 2438 O
186 2387 270 2454 virgo,
288 2390 319 2440 et
336 2387 438 2440 nostris
456 2389 622 2456 nequiquam
640 2388 758 2456 cingitur
774 2387 865 2454 armis,

143 2461 214 2514 Cara
231 2462 298 2515 mihi
316 2465 381 2516 ante
398 2463 473 2517 alias.
510 2464 608 2533 Neque
625 2465 698 2519 enim
716 2480 801 2516 novus
818 2463 871 2517 iste
890 2464 994 2519 Dianae

144 2537 229 2591 Venit
247 2554 331 2604 amor,
350 2538 497 2609 subitaque
513 2541 634 2595 animum
652 2540 797 2594 dulcedine
815 2541 909 2594 movit.

144 2612 242 2667 Pulsus
258 2612 295 2666 ab
312 2615 443 2668 invidiam
461 2633 544 2684 regno
562 2617 683 2686 virisque
700 2615 832 2684 superbas

143 2689 274 2742 Priverno
293 2690 407 2758 antiqua
425 2691 554 2745 Metabus
572 2709 633 2746 eum
652 2692 798 2746 excederet
816 2691 893 2760 urbe,
957 2706 994 2744 eso

144 2765 280 2818 Infantem
298 2764 405 2832 lugiens
423 2767 514 2820 media
532 2767 606 2822 inter
622 2767 725 2837 proelia
743 2766 808 2821 belli

143 2839 259 2894 Sustrrlit
277 2841 373 2894 exsilio
391 2842 527 2909 comitem,
545 2845 696 2912 matrisque
714 2844 820 2896 vocavit

142 2916 258 2969 Nomine
278 2917 429 2986 Casmillae,
447 2923 553 2972 mutata
570 2924 656 2987 parte,
676 2917 825 2973 Camillam.

143 2991 206 3060 Ipse
224 2992 286 3044 sinu
303 3009 369 3062 prae
388 3009 417 3046 se
435 2998 547 3062 portans
565 2995 628 3061 iuga
645 2995 726 3062 longa
743 2992 857 3060 petebat

141 3067 266 3121 Selorum
284 3086 439 3134 nemorum;
457 3070 513 3123 tela
531 3071 652 3138 undique
670 3086 751 3123 saeva
769 3069 939 3138 premebant,
956 3085 992 3127 eta

141 3143 178 3198 ut
195 3144 356 3198 circumfuso
375 3145 526 3200 volitabant
543 3147 631 3201 milite
649 3145 749 3200 Volsci.

141 3219 219 3287 Ecce,
236 3220 318 3288 fugae
335 3220 434 3288 medio,
452 3223 564 3274 summis
583 3225 737 3276 Amasenus
754 3219 896 3274 abundans
