2268 3570
139 159 186 208 324
375 158 403 206 P.
422 158 576 207 VERGILI
593 158 757 209 MARONIS

140 235 260 304 Eripere,
277 239 433 306 auxilioque
450 239 529 306 dam,
547 255 618 306 quae
634 255 774 308 proxuma,
792 238 895 308 poscit:

139 312 211 366 ilnse
230 317 323 368 secent
340 315 395 370 lab)
413 315 516 382 volnus,
535 314 639 382 telique
657 314 791 370 latebram

140 388 307 444 Rescindant
324 393 441 460 penitus,
460 407 575 459 seseque
592 391 621 442 in
639 390 710 444 bella
727 393 878 445 remittant.
952 403 989 442 aee

140 465 253 533 lamque
271 467 369 521 aderat
388 467 498 521 Phoebo
517 471 581 520 ante
599 466 666 520 alios
685 468 802 522 dilectus
822 467 896 535 Iapis

143 541 253 608 [asides
271 545 327 597 acri
345 543 483 612 quendam
501 543 545 598 cui
564 547 659 612 eaptus
677 560 770 597 amore

140 617 203 686 Ipse
222 635 284 672 suas
301 621 376 688 artis,
396 637 446 674 sua
462 636 583 687 munera,
601 619 690 673 laetus
710 620 808 688 Apollo

139 695 293 762 Augurium
312 697 501 764 citharamque
519 695 603 749 dabat
621 695 772 765 celerisque
791 695 911 763 sagittae.
963 727 968 734 -

139 769 198 838 llle,
217 774 249 825 ut
267 771 385 842 depositi
403 773 540 841 proferret
557 772 615 826 fata
632 773 761 840 parentis,
952 783 989 822 aas

139 845 213 900 Scire
230 851 382 916 potestates
400 848 547 902 herbarum
565 864 699 915 usumque
717 847 846 901 medendi

139 921 238 976 Maluit
256 927 285 977 et
302 928 393 978 mutas
411 925 517 991 agitare
535 923 667 992 inglorius
685 924 760 977 artis.

138 997 236 1052 Stabat
253 1000 352 1053 acerba
367 999 496 1072 fremens,
515 1000 654 1067 ingentem
671 999 751 1052 nixus
768 999 797 1052 in
814 998 921 1052 hastam

140 1073 253 1140 Aeneas,
271 1092 369 1144 magno
387 1076 515 1128 iuvenum
534 1077 562 1128 et
580 1075 729 1128 maerentis
749 1074 802 1128 luli

139 1148 285 1218 Concursu,
304 1151 422 1204 lacrimis
440 1151 593 1204 immobilis.
630 1151 682 1205 Ille
700 1154 805 1205 retorto
951 1165 988 1204 100

139 1225 287 1280 Paeonium
305 1227 334 1280 in
352 1244 455 1281 morem
474 1228 565 1280 senior
583 1228 734 1281 succinctus
752 1227 861 1293 amictu,

139 1301 227 1356 Multa
244 1319 326 1356 manu
343 1305 450 1357 medica
469 1302 627 1371 Phoebique
644 1303 804 1371 potentibus
822 1301 913 1356 herbis

139 1377 312 1446 Nequiquam
330 1379 460 1448 trepidat,
478 1379 642 1446 nequiquam
662 1379 765 1446 spicula
783 1378 880 1432 dextra

138 1453 270 1507 Sollicitat
287 1458 453 1523 prensatque
471 1455 561 1510 tenaci
577 1455 679 1522 forcipe
697 1455 807 1508 femurn.

138 1528 220 1583 Nulla
238 1530 309 1584 viam
329 1530 450 1584 Fortuna
467 1531 556 1600 regit3
573 1530 639 1583 nihil
658 1534 753 1584 auctor
772 1529 870 1598 Apollo
951 1545 988 1585 soe
1066 1577 1069 1582 .

139 1605 283 1671 Subvenit3
301 1611 330 1661 et
348 1623 445 1661 saevus
463 1610 564 1674 campis
582 1607 668 1674 magis
686 1624 717 1660 ac
734 1607 821 1674 magis
838 1606 934 1659 horror

139 1681 287 1750 Crebescit,
305 1684 472 1753 propiusque
490 1683 591 1736 malum
609 1686 659 1736 est.
688 1683 747 1736 Iam
759 1683 871 1751 pulvere
883 1683 986 1736 caelum

138 1758 216 1812 Stare
235 1759 336 1827 vident,
356 1759 529 1828 subeuntque
547 1759 662 1826 equites,
681 1762 710 1813 et
728 1759 832 1828 spicula
849 1759 945 1812 castris

138 1833 229 1888 Densa
247 1836 349 1889 cadunt
367 1835 472 1889 mediis.
509 1835 538 1888 It
555 1835 642 1888 tristis
660 1835 696 1888 ad
713 1835 825 1890 aethera
843 1835 944 1888 elamor

139 1910 292 1964 Bellantem
311 1911 439 1965 iuvenum
457 1915 486 1965 et
504 1911 573 1964 duro
592 1911 642 1964 sub
660 1911 752 1966 Marte
770 1911 922 1964 cadentum.
950 1926 988 1964 410

140 1987 191 2040 Hie
209 1987 309 2053 Venus,
327 1987 439 2056 indigno
457 1988 514 2041 nati
532 2004 660 2041 concussa
678 1987 778 2054 dolore,

138 2062 309 2117 Dietamnum
327 2063 453 2131 genetrix
472 2063 588 2116 Cretaea
608 2063 695 2133 carpit
713 2064 748 2117 ab
767 2064 825 2132 ida,

141 2139 291 2193 Puberibus
309 2141 413 2193 caulem
430 2139 502 2192 foliis
521 2142 549 2192 et
567 2139 634 2194 flore
651 2144 802 2194 comantem

139 2215 294 2284 Purpurce;
312 2233 365 2268 nou
383 2215 430 2269 illa
447 2216 513 2268 feris
530 2216 666 2284 incognita
684 2217 771 2286 capris

138 2291 272 2359 Gramina,
291 2309 352 2345 eum
369 2295 449 2358 tergo
467 2292 590 2345 volueres
608 2293 720 2347 haesere
738 2293 862 2361 sagittae.
950 2307 987 2346 415

138 2367 198 2420 Hoc
216 2368 318 2434 Venus,
337 2367 451 2421 obscuro
469 2368 565 2420 faeiem
583 2369 749 2422 circumdata
766 2369 863 2434 nimbo,

138 2443 258 2507 Detulit;
276 2443 326 2496 hoc
344 2443 435 2496 fusum
453 2443 536 2496 labris
555 2444 762 2512 splendentibus
779 2461 886 2498 amnem

138 2519 236 2587 Inficit,
255 2519 360 2572 occulte
378 2519 525 2584 medicans,
544 2519 702 2586 spargitque
721 2520 835 2573 salubris

137 2594 298 2648 Ambrosiac
317 2611 394 2648 sucos
413 2599 442 2648 et
459 2595 622 2648 odoriferam
640 2611 792 2661 panaceam.

138 2670 216 2724 Fovit
235 2687 266 2724 ea
284 2671 378 2723 volnus
396 2670 505 2738 lympha
522 2669 669 2736 longaevus
688 2670 762 2739 Iapis
951 2685 987 2722 sau

138 2747 276 2814 Ignorans,
295 2746 439 2815 subitoque
456 2747 544 2799 omnis
562 2746 597 2799 de
615 2763 726 2815 corpore
743 2747 815 2816 fugit

137 2822 243 2892 Quippe
262 2821 345 2888 dolor,
365 2823 451 2876 omnis
470 2823 548 2876 stetit
566 2823 621 2876 imo
639 2823 748 2876 volnere
766 2823 881 2891 sanguis

139 2900 251 2967 lamque
270 2902 362 2952 secuta
380 2916 496 2965 manum,
515 2899 589 2952 nullo
607 2903 728 2967 cogente,
748 2899 849 2967 sagitta

138 2975 252 3042 Excidit,
271 2978 355 3043 atque
373 2992 457 3028 novae
475 2974 583 3028 rediere
602 2976 629 3027 in
646 2975 762 3043 pristina
778 2975 857 3028 vires.

136 3052 223 3104 Arma
240 3052 287 3105 citi
305 3056 449 3120 properate
466 3051 540 3106 viro!
561 3051 628 3120 quid
646 3053 745 3106 statisl
766 3051 839 3118 Iapis
950 3065 987 3104 110

136 3126 300 3194 Conclamat,
319 3127 477 3197 primusque
495 3128 599 3181 animos
617 3127 742 3180 accendit
760 3127 788 3179 iu
806 3127 919 3179 hostem.
972 3165 975 3170 .

136 3201 197 3256 Nou
215 3203 282 3257 haec
299 3204 424 3257 humanis
442 3204 547 3273 opibus,
566 3221 619 3258 neu
638 3207 698 3257 arte
716 3203 847 3270 magistra
