2268 3570
392 171 575 221 AENEIDOS
592 172 660 222 LIB.
682 171 745 224 xli.
945 183 989 230 831

142 252 179 309 nt
196 253 274 308 iuriis
291 253 410 320 agitatius
429 269 504 306 arnor
522 257 551 306 ct
569 255 676 307 conseia
693 255 788 310 virtus.

141 329 182 384 Ut
199 329 317 398 primum
336 327 472 382 discussae
491 328 603 382 umbrae
621 333 649 384 et
667 329 713 384 lux
731 330 843 386 reddita
860 334 952 400 nieiiti,

143 406 276 459 Ardentis
294 405 431 458 oculorum
451 404 525 458 orbis
542 405 578 458 ad
596 407 703 460 moenia
720 409 801 462 torsit
957 427 993 466 cro

142 481 286 546 Turbidus,
306 497 376 549 eque
394 481 461 534 rotis
480 497 605 548 megaram
623 484 745 552 respexit
762 484 797 537 ad
816 483 916 538 urbem·

142 557 212 612 Eece
229 561 329 624 autem,
349 557 463 610 flammis
481 559 554 612 iuter
571 559 695 614 tabulata
713 560 819 614 volutus

142 634 188 687 Ad
206 634 309 687 eaelum
329 633 451 687 undabat
470 641 565 690 vertex
584 637 737 706 turrimque
756 637 876 704 tenebat,

140 709 256 776 Turrim,
275 710 421 780 compactis
440 712 565 766 trabibus
583 731 665 782 quam
684 714 818 768 eduxerat
835 715 894 781 ipse

140 786 363 858 Subdidcratque
381 791 455 842 rotas
473 789 619 860 pontisque
637 791 800 844 instraverat
818 791 894 843 altos.

142 861 201 916 lam
218 863 273 918 iam
291 864 356 932 fata,
376 881 451 918 soror
469 871 614 936 superant:
632 867 734 922 absiste
753 867 867 930 morari;

140 938 199 1002 Quo
218 941 286 994 deus
304 947 333 996 et
351 959 405 1012 quo
423 942 493 996 dura
510 957 590 998 vocet
610 943 739 1009 Fortuna,
758 957 911 1011 sequamur.

140 1015 202 1070 Stat
213 1018 335 1072 conferre
348 1035 457 1072 manum
473 1022 590 1086 Aeneae,
604 1023 667 1086 stat,
680 1019 814 1088 quidquid
831 1017 922 1072 acerbi
941 1023 988 1084 est,

139 1090 230 1148 Morte
247 1094 321 1163 pati;
339 1112 427 1164 neque
446 1113 489 1149 me
508 1096 672 1162 indecorem,
689 1111 825 1162 germane,
844 1093 950 1148 videbis

140 1169 272 1237 Amplius.
310 1171 399 1237 Hunc,
411 1187 465 1238 oro,
479 1172 537 1224 siue
549 1187 593 1224 me
605 1170 698 1224 lurore
709 1175 774 1225 autc
787 1171 913 1225 furorem.
955 1183 984 1222 es

139 1243 224 1312 Dixit,
244 1250 273 1300 et
291 1265 307 1302 e
324 1265 406 1301 curru
424 1248 523 1302 saltum
542 1247 621 1302 dedit
639 1249 712 1301 ocius
730 1249 809 1312 arvis,

139 1320 246 1391 Perque
263 1325 356 1392 hostis,
375 1343 424 1394 per
442 1325 498 1379 tela
516 1325 579 1390 ruit,
598 1329 785 1393 maestamque
803 1341 923 1378 sororem

138 1396 257 1467 Deserit,
276 1418 306 1454 ac
325 1403 419 1470 rapido
438 1418 519 1456 eursu
537 1401 628 1456 media
646 1401 754 1469 agmina
772 1401 881 1468 rumpit.

142 1475 181 1528 Ac
199 1476 283 1530 veluti
302 1479 400 1532 montis
420 1495 515 1532 saxum
533 1478 569 1532 de
587 1479 689 1532 vertice
707 1494 837 1545 praeceps

138 1549 207 1604 Cum
225 1553 288 1619 ruit,
306 1554 427 1606 avolsum
446 1557 535 1621 vento,
554 1571 602 1608 scu
620 1553 748 1608 turbidus
764 1553 851 1605 imber
956 1565 991 1604 oet

138 1625 251 1695 Proluit,
269 1633 318 1682 aut
336 1631 413 1682 annis
432 1630 511 1684 solvit
529 1630 658 1698 sublapsa
676 1633 812 1692 vetustas;

138 1702 239 1756 Fertur
258 1705 285 1757 in
303 1704 450 1774 abruptum
469 1722 566 1774 magno
584 1723 661 1758 mons
680 1703 810 1773 inprobus
828 1707 898 1771 actu,

138 1779 318 1849 Exsultatque
338 1782 401 1848 solo,
421 1782 502 1836 silvas
522 1786 648 1835 armenta
666 1783 793 1847 virosque

139 1855 281 1910 Involvens
300 1875 407 1912 secum:
426 1858 541 1912 disiecta
559 1875 608 1926 per
626 1858 733 1925 agmina
752 1856 857 1908 Turnus

137 1931 181 1985 Sic
198 1933 274 1986 urbis
291 1935 347 1988 ruit
365 1934 401 1987 ad
419 1951 518 2002 muros,
536 1934 583 1987 ubi
602 1933 719 2002 plurima
736 1933 795 1985 fuso
955 1945 990 1986 ooo

137 2008 274 2076 Sanguine
291 2013 367 2064 terra
384 2012 484 2077 madet,
504 2011 679 2079 striduntque
698 2009 842 2062 hastilibus
860 2024 957 2074 aurae;

137 2085 331 2154 Significatque
349 2103 438 2153 mauu,
457 2091 486 2140 et
504 2104 602 2154 rrragno
620 2087 698 2140 simul
718 2086 812 2153 incipit
831 2101 890 2138 ore:

138 2160 246 2214 Parcite
263 2163 324 2228 iam,
339 2161 442 2230 Rutuli,
461 2165 490 2216 et
509 2180 555 2216 vos
573 2163 629 2216 tela
647 2162 776 2225 inhibete,
797 2161 903 2224 Latini,

138 2237 330 2306 Quaecumque
348 2243 391 2292 est
410 2238 538 2305 Fortuna,
558 2255 619 2292 mea
637 2241 694 2302 est,
712 2255 756 2290 me
774 2237 864 2290 verius
882 2253 966 2290 unum

139 2313 191 2366 Pro
210 2313 287 2369 vobis
303 2314 400 2368 foedus
418 2315 501 2380 luere,
522 2319 550 2368 et
568 2314 716 2368 decernere
734 2313 815 2366 ferro.
955 2326 990 2367 oet

137 2388 293 2444 Discessere
311 2407 404 2444 omnes
423 2391 514 2459 medii,
533 2392 707 2460 spatiumque
726 2389 835 2442 dedere.

172 2467 212 2520 At
229 2470 309 2534 pater
328 2468 444 2534 Aeneas,
462 2467 557 2521 audito
575 2467 684 2520 nomine
702 2465 793 2532 Turni,

137 2541 246 2596 Deserit
264 2547 410 2610 camuros,
429 2547 458 2597 et
476 2561 594 2597 summas
613 2543 716 2597 deserit
734 2559 816 2608 areca,

137 2619 358 2688 Praecipitatque
376 2636 466 2672 moras
484 2620 578 2686 omnis,
597 2637 680 2688 opera
698 2619 789 2672 emnia
806 2618 917 2686 rumpit,

137 2693 254 2749 Laetitia
272 2696 419 2763 exsultans,
437 2696 658 2763 horrendumque
677 2696 783 2748 intonat
801 2697 896 2748 armis:
953 2708 990 2749 roe

137 2772 260 2836 Quantus
279 2774 376 2839 Athos,
394 2776 442 2825 aut
461 2776 579 2841 quantus
599 2772 678 2840 Eryx,
698 2772 829 2840 antipae,
847 2771 965 2825 coruscis

137 2847 204 2901 (lum
222 2850 316 2903 fremit
333 2849 447 2915 ilicibus,
466 2854 592 2918 quantus
611 2849 768 2916 gaudetque
786 2848 867 2900 nivali

137 2923 249 2978 Verticc
267 2943 296 2980 se
314 2926 441 2979 attollens
458 2931 538 2994 pater
558 2926 738 2994 Appenninus
756 2925 792 2976 ad
810 2941 896 2977 auras

137 2999 196 3053 lam
214 3019 278 3054 vcro
296 3006 325 3055 et
345 3002 439 3054 Rutuli
457 3002 583 3055 certatim
602 3005 631 3053 et
650 3001 732 3052 'From
750 3002 778 3052 et
797 3015 889 3052 omnes

137 3076 302 3130 Convertere
321 3077 411 3130 oeulos
432 3078 503 3146 Itali,
522 3077 622 3145 quique
641 3077 696 3130 alta
713 3075 846 3128 tenebant
948 3089 990 3136 ‚tos

136 3152 252 3220 Moenia,
272 3154 373 3222 quique
391 3154 459 3206 iures
478 3153 624 3221 pulsabant
642 3153 728 3205 ariete
746 3167 845 3216 muros,

136 3227 277 3346 ”uffae
295 3229 447 3298 deposuere
465 3228 593 3283 hurrreiis.
629 3227 728 3293 Stupet
746 3227 806 3293 ipse
825 3227 939 3281 Latinus
