2268 3570
443 183 628 234 AENEIDOS
646 185 714 234 LIB.
735 185 785 234 XI.
995 187 1041 236 309

193 262 279 317 Arma
297 263 442 332 virumque
458 265 565 332 ierens3
583 271 643 321 tum
662 283 768 321 sununa
787 268 874 336 ipsius
892 265 927 321 ab
944 265 1024 320 hasta

192 337 330 406 Deiringit
347 339 457 407 lenum,
475 345 505 395 et
522 343 609 412 partis
627 343 743 397 rimatur
760 348 877 412 apertas,

192 413 250 478 Qua
268 416 364 469 volnus
382 417 463 470 letale
481 418 567 484 ferat;
585 423 681 472 eontra
698 418 744 471 ille
762 435 918 487 repugnans

191 489 313 544 Sustinet
331 509 348 545 a
365 491 458 560 iugulo
476 493 610 562 dextram,
629 498 659 548 et
676 495 730 548 vim
750 495 852 548 uiribus
870 495 934 548 exit
1004 508 1039 548 rso

190 565 284 635 thue
302 567 395 621 volans
413 567 468 622 alte
486 574 595 638 mptum
614 587 674 623 cum
693 571 767 624 fulva
784 571 929 624 draconem

190 641 258 696 Fert
270 643 368 712 aquila,
380 644 558 714 inplicuitque
571 647 663 714 pedes,
676 651 760 717 atque
770 646 908 716 unguibus
919 645 1008 700 haesit
1015 668 1022 712 ;

189 716 302 773 Saucius
320 724 350 774 at
367 737 480 790 serpens
498 722 606 776 sinuosa
625 724 761 776 volumina
778 727 876 791 versat,

190 795 370 864 Arrectisque
387 797 482 851 horret
500 798 628 867 squamis,
647 804 677 852 et
694 799 786 853 sibilat
803 816 858 865 ore,

189 871 302 925 Arduus
313 873 472 941 insurgens;
484 873 531 926 illa
544 873 616 928 haud
629 875 718 928 minus
730 879 830 943 urguet
842 873 946 928 obunco
1002 887 1038 927 res

189 945 350 1003 Luctantem
371 953 475 1012 rostro;
492 949 572 1002 simul
591 951 705 1004 aethora
723 949 849 1004 verberat
866 950 933 1004 alis:

191 1022 273 1076 Haud
291 1025 371 1078 ahter
388 1025 519 1092 praedam
538 1025 682 1080 Tiburtum
700 1043 734 1080 ex
752 1027 861 1096 agmine
880 1026 1001 1079 Tarchon

190 1097 285 1152 Portat
302 1117 392 1153 ovans.
429 1101 512 1154 Ducis
530 1101 685 1169 exemplum
704 1105 887 1170 eventumque
905 1101 990 1154 sconti

188 1173 348 1230 Maeonidae
365 1177 514 1230 incurrunt.
552 1177 619 1229 Tum
638 1177 702 1230 latis
720 1177 830 1231 debitus
851 1180 957 1230 Arruns

188 1249 315 1305 Velocem
334 1252 421 1306 iaculo
440 1257 469 1306 et
487 1252 574 1306 multa
591 1253 667 1321 prior
685 1256 746 1306 arta
766 1253 906 1307 Camillam
1001 1267 1037 1307 rar

187 1325 298 1390 Circuit,
317 1332 353 1395 et,
373 1345 443 1397 quae
462 1329 498 1382 sit
516 1329 625 1382 fortuna
642 1329 776 1396 facillima,
796 1333 920 1398 temptat.

187 1401 247 1465 Qua
265 1421 294 1458 se
312 1421 428 1471 cumque
446 1405 539 1458 hrrens
557 1404 648 1457 medio
665 1405 731 1458 tulit
749 1406 855 1473 agmine
875 1406 959 1473 virgo,

189 1478 247 1533 Hac
266 1483 374 1534 Amans
392 1480 472 1546 subit,
492 1485 520 1533 et
538 1481 638 1533 tacitus
657 1481 771 1549 vestigia
789 1482 907 1545 lustrat;
967 1525 970 1530 r

187 1555 246 1620 Qua
264 1557 360 1610 victrix
379 1556 452 1610 redit
469 1555 515 1608 illa
533 1556 686 1623 pedemque
705 1573 739 1609 ex
757 1557 835 1610 hoste
854 1559 985 1626 reportat,

187 1631 247 1685 Hac
264 1633 370 1686 iuvenis
387 1633 481 1686 furtim
499 1632 595 1685 celeris
613 1632 761 1700 detorquet
779 1632 905 1686 habenas.
999 1647 1036 1686 ros

187 1707 246 1760 llos
263 1707 362 1775 aditus,
381 1708 489 1776 iamque
507 1707 556 1760 hos
575 1707 674 1774 aditus,
693 1725 856 1776 omnemque
874 1711 999 1776 pererrat

188 1783 316 1852 Undique
328 1785 479 1849 circuitum,
492 1787 521 1836 et
533 1789 637 1836 certam
649 1784 739 1851 quatit
751 1784 882 1852 inprobus
894 1784 1010 1838 hastam.

187 1859 270 1913 llorte
289 1875 365 1913 sacer
383 1859 500 1928 Cybelae
519 1860 651 1913 Chloreus
668 1860 788 1927 olimque
806 1861 931 1913 sacerdos

188 1935 303 2003 Insignis
321 1936 401 2004 longe
421 1936 545 2004 Phrygiis
563 1936 686 2003 fulgebat
703 1937 732 1989 in
749 1937 839 2002 armis,

186 2011 418 2081 Spumantemque
430 2012 553 2080 agitabat
565 2029 673 2080 equum,
687 2029 767 2080 quem
780 2012 858 2080 pellis
871 2012 945 2064 aenis
998 2025 1034 2064 πο

187 2087 218 2140 ln
237 2089 357 2155 plumam
376 2089 495 2156 squamis
513 2105 579 2142 auro
597 2093 721 2141 conserta
739 2088 857 2156 tegebat

186 2164 257 2232 lpse,
275 2165 418 2233 peregrina
435 2165 574 2232 ferrugine
591 2165 679 2217 clarus
698 2169 727 2220 ct
745 2170 826 2229 ostro,

185 2240 293 2307 Spicula
311 2241 459 2309 torquebat
478 2242 559 2309 Lycio
578 2241 709 2308 Gortynia
727 2257 824 2306 comu;

186 2319 295 2370 Aureus
313 2334 347 2370 ex
365 2317 477 2371 humero
496 2321 574 2371 sonat
591 2333 676 2382 arcus,
695 2321 724 2370 et
742 2333 823 2371 aurea
840 2317 896 2371 vati

185 2391 311 2457 Cassida;
334 2397 394 2447 tum
421 2411 542 2447 croceam
569 2393 793 2462 chlamydemque
818 2393 946 2461 sinusque
977 2409 1034 2446 cre·

216 2507 218 2512 ,
252 2469 344 2538 pontis
999 2483 1035 2522 us

185 2543 334 2598 Carbaseos
351 2545 424 2598 fulvo
442 2547 469 2598 in
487 2545 588 2598 nodum
607 2544 753 2612 collegerat
771 2561 842 2610 auro,

187 2619 278 2672 l‘ictus
295 2637 345 2674 acu
364 2621 468 2674 tunicas
487 2626 516 2675 ct
533 2620 650 2674 barbara
668 2621 788 2687 tegmina
806 2637 923 2674 crurum.

186 2695 265 2749 Hunc
283 2697 366 2764 virgo,
386 2698 442 2750 sivo
460 2702 491 2750 ut
511 2697 620 2766 templis
637 2697 802 2765 praefigeret
820 2713 896 2750 orma

185 2772 271 2838 Troia,
288 2773 396 2841 captivo
415 2773 471 2825 sive
489 2777 522 2827 ut
540 2791 569 2826 se
586 2773 672 2826 ferret
689 2773 716 2824 in
736 2789 808 2840 aura,

185 2846 318 2900 Venatrin
337 2865 420 2901 unum
440 2865 473 2902 ox
492 2849 564 2902 omni
582 2849 732 2903 certamine
749 2866 856 2918 pugnae
997 2862 1035 2903 rso

185 2922 273 2976 Caeca
291 2924 464 2993 sequebatur,
483 2928 627 2992 totumque
645 2925 754 2978 incauta
771 2942 821 2992 per
838 2942 935 2993 agmen

185 2998 314 3053 Femineo
332 2999 450 3068 praedae
469 3004 497 3053 et
515 3001 661 3070 spoliorum
680 3000 795 3053 ardebat
813 3017 921 3055 amore:

184 3074 279 3128 Telum
298 3093 332 3130 ex
349 3076 455 3129 insidiis
473 3093 534 3130 cum
551 3077 663 3130 tandem
681 3080 806 3143 tempore
824 3081 903 3144 capto

185 3150 310 3205 Concitat
328 3156 357 3206 et
377 3169 489 3221 superos
508 3155 616 3207 Arruns
633 3153 671 3206 sic
688 3169 754 3206 vocs
773 3159 916 3221 precatur:

185 3225 295 3280 Summe
313 3228 404 3294 deuur,
423 3229 509 3282 sancti
527 3233 619 3282 custos
637 3227 756 3280 Soractis
775 3227 881 3298 Apollo,
