2290 3568
124 135 169 187 170
348 135 377 184 P.
398 135 552 183 VERGILI
571 135 738 183 MARONIS

39 225 41 230 ’
124 215 275 268 Proxumus
292 219 325 267 ut
343 213 477 267 viridante
494 216 555 267 tero
574 213 736 268 consederat
754 213 868 270 herbae:

124 291 238 356 Entella,
257 290 370 343 heroum
390 290 527 358 quendam
546 291 695 344 fortissime
715 290 825 360 matra,

124 369 244 420 Tantane
262 371 318 419 tam
337 367 444 434 patiens
463 366 536 419 nullo
555 368 704 421 certamine
723 368 782 422 tolli
945 386 982 425 aaa

124 444 201 497 Dona
220 443 307 496 siuesl
328 443 376 494 ubi
394 459 465 495 nunc
484 442 562 495 110st
581 445 649 497 deas
668 444 715 497 ille
733 445 865 512 magister

124 521 296 589 Nequiquam
314 523 481 572 memoratus
500 519 589 588 Eryxl
609 520 658 573 ubi
676 521 748 573 fama
767 539 817 590 per
836 540 944 576 omnem

124 596 296 662 Trinacriam,
316 600 345 649 et
364 597 448 664 spolia
466 595 514 650 illa
532 598 586 650 tuis
605 598 755 666 pendentia
773 600 871 654 tectisl

125 673 176 726 llle
195 671 246 726 sub
263 672 344 725 haee:
369 673 395 724 N
397 689 432 724 on
450 673 538 726 laudis
557 691 641 742 amor,
660 691 710 728 nec
727 675 814 742 gloria
832 677 915 729 cessit

126 749 207 804 Pulsa
224 752 316 813 metu;
339 749 387 802 sed
406 751 477 803 enim
495 751 603 818 gelidus
622 751 752 805 tardante
771 756 882 806 senecta
947 769 982 806 aaa

124 827 239 895 Sanguis
256 826 347 894 hebet,
365 827 521 896 frigentque
540 829 639 882 edetac
657 830 685 882 in
703 846 815 898 corpore
834 830 911 883 vires.

124 905 151 957 Si
170 905 243 969 mihi,
263 919 331 972 qnae
351 904 487 972 quondam
506 905 605 972 fuerat,
625 920 732 973 quaque
750 905 881 974 inprobus
899 905 952 958 iste

125 981 251 1034 Exsultat
269 979 363 1047 fidens,
383 981 406 1032 si
423 997 495 1034 nunc
513 985 585 1035 leret
603 982 650 1035 illa
669 983 801 1050 iuventas,

127 1057 208 1110 Haud
227 1056 352 1127 equidem
371 1058 459 1126 pretio
477 1059 606 1111 inductus
623 1059 791 1127 pulchroque
809 1059 922 1112 iuvenco

124 1133 273 1200 venissem,
293 1152 342 1188 uec
360 1135 431 1187 dena
448 1153 546 1188 moror.
584 1136 628 1190 Sic
647 1136 746 1189 deinde
764 1135 871 1188 locutus
945 1149 981 1187 400

125 1210 157 1262 In
175 1211 295 1264 medium
312 1211 434 1278 geminos
452 1211 553 1262 inmani
573 1211 696 1280 pondere
716 1215 824 1264 caestus

125 1286 250 1353 Proiecit,
269 1288 368 1356 quibus
387 1305 449 1340 acer
469 1288 541 1356 Eryx
560 1287 588 1340 in
606 1289 711 1357 proelia
729 1291 823 1342 suetus
889 1302 895 1312 ·

124 1363 210 1416 Ferre
228 1381 338 1416 manum
358 1365 484 1432 duroque
502 1365 646 1418 intendere
665 1365 791 1419 bracchia
808 1369 893 1432 terge.

124 1437 289 1508 Obstipuere
308 1441 405 1493 animi:
426 1444 565 1494 tantorum
584 1442 707 1510 ingentia
726 1446 830 1511 septem

124 1516 210 1584 Terga
227 1515 309 1569 boum
328 1517 440 1586 plumbo
458 1517 548 1572 insuto
566 1521 695 1589 terreque
714 1519 847 1587 rigebant.
944 1532 981 1570 aas

124 1594 198 1646 Ante
217 1595 302 1646 omnis
321 1598 413 1664 stupet
431 1595 488 1664 ipse
509 1596 602 1664 Dares,
621 1597 756 1666 longeque
775 1597 898 1660 recusat;

123 1669 367 1740 Magnanimusque
387 1672 567 1726 Anchisiades
586 1677 614 1726 ct
632 1673 739 1741 pondus
758 1672 865 1740 etipsa

124 1746 186 1800 Huc
202 1748 266 1800 illuc
284 1748 432 1801 vinclorum
450 1749 573 1802 inmensa
591 1749 727 1800 volumina
745 1753 844 1801 versat.

123 1823 190 1876 Tum
209 1825 298 1876 senior
316 1825 378 1878 talis
397 1825 535 1878 referebat
552 1828 665 1893 pectore
685 1841 778 1876 voces:

124 1900 202 1964 Quid,
222 1902 242 1952 si
263 1902 323 1968 quis
341 1904 448 1954 caestus
466 1901 551 1968 ipsius
570 1903 598 1952 et
618 1899 745 1952 Herculis
764 1916 839 1951 arma
944 1914 980 1952 410

124 1976 246 2029 Vidisset
263 1978 426 2044 tristemque
444 1975 494 2028 hoc
512 1974 615 2041 ipsein
634 1975 714 2027 litere
732 1978 866 2042 pugnam'l

125 2054 200 2106 Haec
216 2070 362 2121 germanus
381 2053 453 2120 Eryx
472 2050 609 2119 quondam
627 2053 691 2104 tuus
709 2068 784 2104 arma
801 2051 914 2120 gerebat
923 2075 963 2118 3·-

123 2130 258 2198 Sanguine
278 2129 365 2182 cernis
384 2127 473 2182 adhuc
492 2143 641 2196 sparsoque
659 2127 760 2182 inlecta
779 2129 890 2182 cerebro
900 2151 941 2194 ;—

124 2206 175 2259 His
193 2223 320 2274 magnum
341 2204 457 2258 Alciden
476 2207 571 2258 eontra
590 2205 684 2270 stetit;
703 2205 745 2258 his
764 2223 814 2274 ege
833 2210 932 2264 suetus,

123 2281 195 2335 Dum
213 2283 308 2335 melior
326 2283 391 2334 viris
410 2282 519 2349 sanguis
539 2281 630 2348 dabat,
650 2283 756 2335 aemula
775 2282 891 2338 necdum
944 2299 980 2336 41⁵

123 2357 300 2426 Temporibus
317 2359 432 2426 geminis
451 2358 565 2410 canebat
585 2375 678 2426 sparsa
697 2363 831 2414 senectus.

123 2433 178 2487 Sed
195 2435 217 2487 si
235 2437 329 2486 nostra
346 2434 433 2486 Dares
451 2434 518 2486 haec
537 2434 633 2486 Troius
651 2451 726 2486 arma
743 2437 859 2502 recusat,

124 2510 213 2578 quue
230 2511 275 2578 pio
294 2510 372 2562 sedet
393 2514 510 2576 Aeneae,
529 2509 629 2577 probat
648 2515 743 2563 auctor
764 2514 886 2580 Acestes,

124 2590 281 2654 Aequemus
299 2603 411 2654 pugnas.
449 2586 541 2654 Erycis
561 2585 612 2638 tibi
631 2589 709 2654 terga
727 2587 855 2652 remitto;

123 2662 202 2716 Solve
220 2665 324 2726 metns;
345 2666 373 2714 ct
391 2665 423 2715 tn
442 2662 571 2715 Troianos
590 2679 658 2714 exue
678 2666 799 2716 caestus
944 2680 979 2718 aaa

125 2740 200 2792 Haec
218 2739 290 2791 latus
310 2739 445 2809 duplicem
465 2757 499 2792 cx
518 2739 639 2791 humeris
658 2740 755 2793 reiecit
774 2743 908 2807 amictum,

124 2815 160 2869 Et
171 2833 283 2883 magnos
296 2817 481 2869 membrorum
494 2819 579 2883 artua,
592 2833 689 2884 magua
703 2834 763 2870 ossa
776 2817 947 2885 lacertosque

124 2892 214 2960 Exuit,
234 2896 316 2961 atque
335 2893 431 2961 ingens
449 2893 539 2947 media
558 2893 681 2946 censistit
700 2910 788 2947 arena.

124 2967 191 3022 Turn
211 2975 284 3022 satus
306 2971 425 3023 Anchisa
444 2975 550 3024 caestus
569 2975 650 3039 pater
669 2971 768 3024 extulit
787 2988 896 3040 aequos,

125 3045 161 3098 Et
178 3048 289 3115 paribus
308 3049 412 3116 palmas
432 3049 571 3102 amborum
591 3048 714 3102 innexuit
733 3049 821 3101 arinis
943 3061 979 3100 42⁵

125 3120 255 3178 Constitit
272 3125 301 3176 in
321 3125 421 3193 digitos
441 3127 578 3195 extemplo
598 3131 720 3179 arrectus
739 3130 863 3193 uterque,

127 3198 310 3270 nuoechiaque
329 3201 364 3256 ad
384 3219 495 3274 superas
513 3203 656 3257 interritus
675 3202 776 3256 extulit
794 3219 879 3256 auras.
