2290 3568
400 159 476 206 AEN
480 157 583 206 albos
600 155 667 205 LIB.
687 155 720 204 V.
938 155 984 208 179

133 240 244 306 lldoeet,
264 243 293 294 et
311 256 383 309 quae
401 254 471 292 nunc
490 237 580 290 animo
598 237 735 291 sententia
752 238 867 291 constet.

134 317 217 370 Haud
232 334 309 370 mora
327 316 452 383 consiliis,
471 331 521 368 nec
538 314 611 368 iussa
628 317 737 368 recusat
758 316 880 368 Acestes.

134 393 329 447 Transcribunt
346 393 408 446 urbi
426 396 536 460 matres,
554 393 739 461 populumque
756 391 891 444 volentem
951 405 985 444 uo

134 471 286 540 Deponunt,
307 471 411 524 animos
428 470 467 522 nil
485 486 600 538 uraguae
618 467 706 522 laudis
724 468 838 536 egentis.

135 547 190 615 lpsi
207 550 330 600 traustra
347 550 456 614 novant,
474 545 645 614 flammisque
663 545 775 598 ambesa
792 549 928 614 reponunt

135 623 243 677 Robora
261 623 382 692 navigiis,
401 626 498 692 aptant
515 639 660 691 remosque
678 622 867 692 rudentisque,

135 699 232 768 llxigui
250 717 372 767 numere,
392 701 442 754 sed
459 699 531 753 bello
550 699 641 752 vivida
659 700 751 753 virtus

136 775 245 830 Interea
264 779 372 830 Aeneas
390 776 488 830 urbem
506 775 633 842 designat
651 779 743 828 aratro
953 792 988 831 rsa

135 854 309 922 Sortiturque
328 852 437 917 domos;
457 852 508 905 hoc
529 852 609 904 llium
628 851 742 905 ethaeo
760 853 943 906 loca‘lroiam

135 930 202 984 llsse
220 930 303 983 iubet.
341 929 452 983 Gaudet
471 945 555 994 reguo
573 928 706 980 Troianus
725 929 851 994 Acestes,

136 1006 291 1074 Indicitque
310 1006 398 1058 forum
416 1008 445 1057 et
463 1004 587 1072 patribus
606 1003 655 1056 dat
673 1003 733 1056 iura
750 1005 859 1058 voeatis

134 1083 203 1135 ‘lum
222 1082 310 1135 vicina
327 1081 410 1134 astris
429 1081 544 1149 Erycino
563 1081 590 1134 in
609 1080 712 1133 vertice
730 1079 809 1134 sodes

136 1159 280 1212 Fundetur
299 1157 401 1210 Veneri
421 1157 534 1225 Idaliae,
551 1157 712 1226 tumuloque
730 1157 857 1211 sacerdos
952 1173 988 1216 rso

138 1239 178 1288 Ac
197 1235 272 1289 lucus
290 1234 346 1288 late
365 1251 441 1288 sacer
458 1233 572 1288 additur
591 1233 734 1288 Anchiseo.

170 1311 285 1380 Iamque
303 1311 362 1364 dies
381 1311 491 1380 epulata
509 1327 606 1364 novem
625 1327 692 1378 gens
709 1313 803 1374 omnis,
819 1315 850 1366 et
865 1315 922 1367 aris

137 1388 237 1442 Factus
255 1388 353 1442 honos:
374 1388 474 1456 placidi
493 1390 651 1442 straverunt
670 1403 789 1455 aequora
807 1390 889 1456 venti,

135 1464 239 1518 Creber
258 1471 287 1518 et
304 1465 446 1532 adspirans
464 1481 557 1517 rursus
576 1466 654 1516 vocat
674 1466 778 1518 Auster
795 1466 823 1518 iu
841 1466 935 1520 altum.

136 1538 267 1593 Exoritur
283 1557 417 1608 procurva
434 1541 530 1606 ingens
547 1557 597 1607 per
614 1540 695 1592 litora
712 1540 807 1606 fletus;
953 1556 989 1598 765

135 1616 267 1684 Conplexi
285 1617 358 1668 inter
376 1632 406 1670 se
424 1619 587 1682 noctemque
605 1615 735 1684 diemque
753 1629 898 1672 morantur,

138 1693 218 1760 Ipsae
236 1693 290 1746 iam
308 1695 418 1758 matres,
437 1691 495 1760 ipsi,
514 1691 614 1760 quibus
634 1707 730 1759 aspera
746 1694 884 1760 quondam

137 1768 203 1822 Visa
221 1769 304 1822 maris
322 1769 404 1822 facies
422 1772 452 1822 et
470 1784 523 1821 uon
542 1767 685 1822 tolerabile
703 1786 808 1835 nomen,

138 1845 182 1898 lre
201 1844 302 1913 volunt,
321 1862 482 1914 omnemque
501 1845 581 1912 fugae
599 1844 723 1914 perferre
742 1846 869 1900 laborem

135 1922 209 1986 Quos
227 1921 313 1976 bouus
333 1925 442 1975 Aeneas
460 1922 540 1976 dictis
558 1921 663 1975 solatur
680 1924 781 1989 amicis,
953 1936 990 1978 πο

137 1999 172 2052 llt
190 1999 388 2067 consanguineo
407 1999 550 2052 lacrimans
569 1999 741 2053 commendat
760 2002 885 2053 Acestae.

134 2074 196 2128 ‘Fris
214 2076 293 2143 llryci
311 2076 411 2128 vitulos
429 2079 459 2128 et
476 2074 699 2143 Tempestatibus
716 2092 815 2142 aguam

135 2151 259 2205 Caedere
278 2151 378 2204 deinde
395 2150 480 2217 iubet,
499 2151 621 2219 solvique
639 2167 673 2204 ex
692 2152 788 2204 ordine
805 2151 905 2206 funem.

137 2227 208 2295 lpse,
227 2230 310 2294 eaput
328 2230 423 2279 tonsae
440 2226 512 2280 foliis
529 2227 652 2280 evinctus
669 2228 764 2294 olivae,

136 2307 217 2356 astaus
229 2302 322 2371 procul
334 2302 362 2354 in
375 2319 457 2370 prora
469 2306 593 2372 pateram
607 2307 691 2371 tenet,
705 2307 823 2373 extaque
834 2305 920 2358 salsas
954 2319 990 2361 77⁵

137 2380 252 2433 l'orricit
269 2379 297 2432 iu
316 2379 415 2432 fluctus
434 2396 464 2434 ac
483 2380 545 2434 vina
563 2379 696 2449 liquentia
714 2380 814 2438 fundit.

137 2456 316 2527 Prosequitur
336 2472 450 2525 surgens
469 2473 486 2509 a
503 2457 588 2526 puppi
607 2461 705 2512 ventus
724 2457 820 2512 euntis.

135 2533 269 2588 Certatim
287 2534 351 2587 socii
371 2535 474 2588 feriunt
492 2551 567 2588 marc
587 2537 616 2587 et
633 2551 754 2604 aequora
771 2539 890 2590 verrunt

170 2614 211 2664 At
229 2611 322 2664 Venus
340 2612 446 2665 interca
466 2611 624 2680 Neptunum
642 2613 765 2666 exercita
781 2613 854 2666 curis

136 2687 311 2754 Adloquitur,
330 2688 448 2758 talisque
466 2687 583 2741 effundit
602 2698 713 2758 pectore
732 2693 859 2759 questus:
955 2703 991 2742 rso

136 2763 247 2817 lunonis
264 2765 356 2832 gravis
374 2765 416 2817 ira
433 2782 484 2820 nec
503 2764 686 2819 exsaturabile
704 2768 800 2833 peetus
878 2817 881 2824 .

136 2839 244 2907 Cogunt
261 2858 312 2908 me,
333 2841 468 2909 Neptune,
488 2859 583 2911 preces
604 2841 772 2896 descendere
791 2843 819 2894 in
837 2843 924 2896 omnis
931 2862 938 2908 ;

136 2917 224 2981 Quam
242 2934 291 2970 neo
309 2919 389 2985 longa
407 2917 474 2982 dies,
493 2920 582 2986 pietas
600 2936 650 2974 nec
668 2919 777 2986 mitigat
795 2919 857 2986 ulla,

135 2994 193 3048 Nec
213 2994 286 3048 Iovis
304 2993 408 3062 iuperio
425 2994 544 3062 fatisque
563 2996 678 3050 infracta
696 2995 818 3064 quiescit.

136 3073 197 3125 Non
217 3071 307 3126 media
325 3071 360 3124 de
378 3074 461 3139 gente
481 3071 617 3140 Phrygum
635 3073 761 3127 exedisse
780 3071 905 3126 nefandis
955 3085 991 3126 sss

136 3149 240 3202 Urbem
259 3148 328 3202 odiis
347 3149 412 3202 satis
432 3152 481 3216 est,
499 3165 549 3202 nee
567 3165 682 3218 poenam
702 3153 780 3203 traxe
797 3165 848 3218 per
869 3165 991 3206 omnem:

136 3225 278 3346 Iteliquqas
297 3226 401 3293 Troiae,
420 3227 525 3282 cineres
542 3229 627 3298 atque
646 3243 707 3282 ossa
724 3228 884 3298 peremptae
