2268 3570
422 169 498 218 AEN
502 168 607 217 EIDOS
624 169 692 220 LIB.
712 169 762 220 XI.
957 173 1003 226 307

154 252 297 321 Sanguinis
315 252 361 307 ille
379 269 490 308 vomens
508 251 580 304 rivos
597 251 678 318 cadit,
698 255 781 320 atque
799 258 940 307 cruentam

153 329 261 383 Mandit
280 329 400 399 humum,
419 329 591 396 moriensque
610 343 658 380 suo
678 343 706 381 se
725 327 752 380 in
772 329 882 384 volnere
906 337 1003 387 versat.

154 409 221 461 Tum
235 408 327 475 Lirim,
341 408 530 475 Pagasumque
543 423 639 474 super;
652 421 766 474 quorum
779 408 848 461 alter
860 410 979 464 habenas

155 485 272 538 Suffosso
291 485 430 538 revolutus
449 501 519 554 equo
538 484 603 536 dum
621 483 731 551 colligit,
751 485 819 539 alter
970 501 1004 542 um

155 563 228 616 Dum
247 561 320 616 subit
339 580 370 616 aa
388 564 515 616 dextram
533 562 637 616 labenti
655 563 745 618 tendit
763 563 900 628 inermem,

156 640 323 708 Praecipites
340 645 498 711 pariterque
517 645 606 696 ruunt.
644 641 695 695 His
713 643 792 696 addit
812 643 970 694 Amastrum

157 718 342 787 Hippotaden,
361 721 540 788 sequiturque
557 720 716 774 incumbens
735 721 839 774 eminus
857 718 936 771 hasta
965 759 967 765 .

156 794 296 863 Tereaque
315 796 554 866 Harpalycumque
577 801 605 850 et
630 796 836 864 Demophoonta
856 793 1005 848 Ohromim-

225 888 296 940 que;
971 884 1007 923 ere

157 947 283 1016 Quotque
302 950 401 1002 emissa
419 965 500 1002 manu
518 949 651 1002 contorsit
670 949 772 1018 spicula
790 949 872 1015 virge,

157 1023 208 1076 uot
227 1023 337 1092 Phrygii
356 1025 479 1078 cecidere
498 1024 556 1076 viri.
595 1024 693 1078 Procul
713 1024 832 1092 Ornytus
850 1022 933 1077 armis

158 1100 263 1168 Ignotis
282 1104 311 1154 et
329 1118 399 1170 equo
417 1105 531 1154 uenator
550 1101 651 1169 Iapyge
668 1102 763 1168 fertur,

158 1176 208 1230 Oui
226 1177 304 1245 pellis
322 1178 393 1231 latos
410 1177 537 1230 humeros
556 1182 651 1246 erepta
669 1178 782 1231 iuvenco

159 1251 307 1321 Pugnatori
326 1253 422 1322 operit,
441 1257 523 1321 caput
540 1254 636 1321 iugens
654 1254 709 1306 oris
727 1253 818 1308 hiatus
972 1267 1007 1303 esu

159 1329 195 1382 IIt
213 1330 300 1383 malae
318 1333 413 1384 texere
431 1330 488 1398 lupi
507 1345 568 1382 cum
587 1329 715 1384 dentibus
733 1330 810 1397 albis,

159 1399 341 1474 Agrestisque
359 1423 454 1459 manus
472 1409 561 1459 armat
579 1423 689 1475 sparus;
707 1407 766 1476 ipse
784 1407 901 1460 catervis

159 1481 331 1536 Vertiturin
349 1482 454 1550 mediis,
473 1486 502 1535 et
519 1487 578 1536 toto
596 1483 698 1537 vertice
718 1500 799 1551 supra
817 1487 864 1538 est.

160 1557 242 1611 Hunc
259 1559 306 1610 illa
325 1562 479 1628 exceptum,
497 1575 586 1626 neque
605 1559 675 1611 enim
694 1558 771 1612 labor
794 1559 902 1627 agmine
922 1575 1009 1620 verso,

121 1687 123 1690 ,
160 1634 276 1701 Traiicit,
296 1638 325 1687 et
343 1652 424 1704 super
442 1635 509 1688 haec
527 1635 635 1687 inimico
653 1639 763 1704 pectore
780 1635 854 1687 latur
865 1635 886 1687 ι’
973 1648 1009 1686 ese

161 1709 240 1763 Silvis
257 1714 292 1776 te,
312 1710 456 1780 Tyrrhena
474 1711 546 1764 feras
564 1711 670 1778 agitare
688 1711 811 1779 putastil

162 1785 283 1840 Advenit
301 1787 348 1854 qui
366 1791 457 1839 vestra
476 1787 535 1839 dies
553 1786 731 1839 muliebribus
749 1787 830 1839 armis

161 1861 254 1915 Verba
270 1862 450 1930 redarguerit.
488 1863 593 1916 Nomen
612 1867 703 1916 tamen
722 1863 796 1916 haud
818 1863 878 1915 leve
900 1864 1009 1931 patrum

162 1938 289 1992 Manibus
306 1938 358 1991 hoe
375 1939 485 2006 referes,
504 1939 560 1992 telo
578 1939 707 1993 cecidisse
727 1939 862 1993 Camillae.

163 2013 290 2067 Protinus
307 2014 477 2068 Orsilochum
495 2018 523 2068 et
542 2016 639 2082 Buten,
658 2016 712 2068 duo
732 2021 858 2068 maxuma
877 2014 1011 2067 Teucrum

163 2089 300 2158 Corpora:
321 2090 370 2146 sed
388 2091 479 2144 Buten
497 2107 622 2144 aversum
640 2092 752 2159 cuspide
771 2092 832 2144 fixit
976 2102 1010 2141 oel

163 2165 285 2218 Loricam
302 2166 463 2234 galeamque
481 2167 560 2233 inter,
579 2183 633 2234 qua
651 2167 717 2219 cella
736 2167 856 2219 sedentis

164 2242 275 2309 Lucent,
294 2247 323 2296 et
340 2243 417 2296 laevo
435 2243 575 2312 dependet
592 2260 686 2310 parma
704 2243 822 2309 lacerte;

165 2319 343 2387 Orsilochum,
361 2319 468 2386 fugiens
486 2336 669 2387 magnumque
688 2321 791 2386 agitata
809 2336 858 2388 per
876 2317 978 2381 orbem,

165 2395 259 2448 llludit
276 2412 342 2462 gyro
360 2395 482 2463 interior,
501 2395 680 2463 sequiturque
699 2400 875 2463 sequentem
978 2409 1013 2446 ees

165 2470 232 2524 Tum
251 2471 368 2524 validam
386 2489 491 2540 perque
510 2489 585 2524 arma
602 2472 660 2524 viro
678 2489 781 2541 perque
800 2489 861 2525 ossa
879 2471 1003 2533 scenam,

167 2547 257 2600 Altior
275 2564 432 2615 exsurgens,
451 2548 539 2601 oranti
558 2552 587 2601 et
605 2549 692 2602 multa
709 2549 830 2617 precanti

166 2622 358 2689 Congeminat3
376 2623 472 2677 volnus
491 2623 578 2676 calido
597 2624 669 2690 rigat
688 2641 735 2677 ora
753 2624 872 2677 cerebro.

167 2698 269 2752 Incidit
285 2697 348 2753 huie
367 2701 512 2769 subitoque
531 2705 642 2768 aspectu
661 2700 775 2754 territus
793 2700 883 2754 haesit

170 2776 400 2844 Appenninicolae
418 2776 535 2830 bellator
553 2777 625 2829 filius
644 2777 726 2844 AunI,
980 2786 1016 2828 roo

169 2851 251 2904 Haud
270 2851 401 2920 Ligurum
420 2856 567 2920 extremus,
587 2852 653 2906 dum
672 2853 766 2906 fallere
784 2853 841 2905 lata
859 2851 991 2904 sinebant.

169 2927 258 2996 Isque,
277 2928 323 2982 ubi
342 2945 372 2982 se
389 2929 463 2982 nullo
481 2929 535 2982 iam
554 2947 634 2982 cursu
653 2929 769 2982 evadere
787 2944 894 2995 pugnae

168 3001 251 3056 Posse
269 3021 357 3073 nequo
374 3004 521 3058 instantem
540 3006 662 3072 reginam
681 3008 806 3057 avertere
824 3003 918 3070 cernit,

170 3078 286 3132 Consilio
304 3097 413 3132 versare
432 3078 508 3133 dolos
526 3081 664 3147 ingressus
683 3084 712 3132 et
730 3083 798 3146 astu,

170 3153 269 3221 Incipit
287 3154 367 3208 haec:
390 3155 462 3219 Quid
480 3160 537 3208 tam
559 3156 705 3223 egregium,
723 3155 745 3208 si
764 3154 865 3207 femina
883 3153 947 3206 forti
982 3148 1021 3216 yea'

169 3229 245 3282 Fidis
262 3232 352 3293 equol
372 3231 489 3283 Dimitte
506 3232 606 3295 fugam,
626 3233 654 3283 et
672 3233 701 3283 te
719 3230 868 3282 comminus
885 3241 972 3296 aequo
