2290 3568
397 183 580 232 AENEIDOS
597 181 666 231 LIB.
686 177 767 230 vm.
949 180 995 232 237

151 268 263 336 ¹lecepit
282 267 388 320 solitam
409 267 552 327 flammam,
572 269 709 334 notusque
727 265 860 319 medullas

149 346 266 398 Intravit
284 344 364 407 calor,
384 349 412 396 et
431 343 565 396 labefacta
582 359 632 410 per
650 358 711 394 ossa
729 342 862 397 cucurrit:
963 353 999 392 seo

101 415 108 425 ’
147 423 208 474 Non
228 437 305 474 secus
324 425 407 489 atque
425 420 497 486 olim,
517 420 628 472 tonitru
640 436 700 472 eum
719 423 802 487 rupta
819 435 929 472 corusco
963 445 971 453 ·

150 500 234 567 Ignea
252 499 322 552 rima
340 500 441 551 micans
460 498 596 566 percurrit
615 497 716 550 lumine
734 497 847 550 nimbos.

147 576 239 629 Sensit
258 576 330 628 laeta
349 575 418 628 dolis
438 581 466 628 et
484 575 587 626 somnae
606 574 712 627 conseia
730 575 852 627 coniunx.

147 653 215 706 Tum
234 657 314 721 pater
332 655 444 705 aeterno
462 651 536 704 fatur
555 651 697 704 devinctus
716 669 820 706 amore:

148 728 220 794 Quid
239 745 348 782 caussas
366 728 438 796 petis
457 745 490 780 ex
510 727 583 780 altol
605 727 705 780 fiducia
723 729 805 782 cessit
964 741 1000 779 aaa

148 806 207 869 Quo
225 806 284 872 tibi,
303 807 374 872 diva,
393 805 464 858 mcii
502 805 602 857 Similis
621 805 643 857 si
662 821 726 857 cura
744 805 848 871 luisset

148 880 215 935 'lum
234 899 343 951 quoque
359 883 401 935 fas
420 881 497 934 nobis
518 881 635 936 Teucros
654 897 760 933 armare
779 882 889 945 suisset;

148 959 172 1011 N
176 976 206 1012 ec
227 959 310 1012 Pater
328 959 502 1025 omnipotens
519 957 627 1008 Troiam
647 974 696 1009 nec
714 957 771 1010 fata
789 957 920 1010 vetabant

149 1034 228 1088 Stare
246 1034 397 1101 decemque
416 1035 483 1087 alios
503 1034 640 1086 Priamum
660 1050 802 1102 superesse
820 1049 978 1102 perennes.

148 1112 185 1165 Et
198 1129 276 1176 nune,
289 1111 312 1164 si
324 1111 426 1164 bellare
438 1127 518 1179 paras
531 1117 615 1178 atque
628 1111 695 1164 haee
708 1111 758 1164 tibi
772 1128 848 1164 mens
861 1115 911 1175 est,
964 1124 1000 1162 loo

149 1188 289 1257 Quidquid
307 1189 335 1240 in
354 1191 414 1241 arte
432 1205 494 1241 mea
511 1205 620 1256 possum
640 1189 802 1256 promittere
821 1204 908 1252 curae,

149 1264 228 1328 Quod
247 1265 305 1318 lieri
324 1265 396 1317 ferro
414 1265 551 1333 liquidove
571 1269 664 1332 potest
683 1265 791 1332 electro,

149 1341 286 1405 Quantum
305 1343 381 1408 ignes
401 1342 562 1410 animaeque
581 1341 678 1408 valent,
698 1341 800 1395 absiste
819 1341 958 1410 precando

152 1419 263 1471 l'iribus
283 1418 440 1471 indubitare
460 1419 522 1471 tuis,
563 1417 601 1471 Ea
619 1419 703 1472 verba
720 1419 827 1472 loeutus

150 1493 266 1562 Optatos
285 1495 364 1548 dedit
382 1496 531 1562 amplexus,
551 1495 743 1564 placidumque
762 1495 862 1563 petivit
966 1509 1000 1546 loa

149 1569 279 1638 Coniugis
297 1571 402 1624 infusus
420 1571 524 1637 gremio
543 1587 592 1637 per
610 1571 733 1624 membra
751 1589 881 1639 soporem.

185 1647 254 1698 lude
274 1646 319 1698 ubi
340 1647 427 1713 prima
446 1646 524 1713 quies
543 1647 633 1699 medio
652 1649 705 1699 iam
725 1649 811 1700 noctis
828 1647 940 1701 abactae

150 1722 291 1777 Curriculo
309 1721 452 1789 expulerat
470 1738 601 1786 somnum,
621 1739 681 1775 eum
701 1725 801 1776 femina
818 1724 943 1791 primum,

150 1798 201 1851 eui
220 1799 338 1851 tolerare
356 1797 414 1850 eolo
433 1798 517 1850 vitam
537 1800 669 1866 tenuique
690 1800 813 1852 Minerva

150 1875 313 1944 inpositum,
331 1875 450 1928 cinerem
470 1878 499 1928 et
518 1875 621 1942 sopitos
640 1877 754 1929 suscitat
773 1877 850 1944 ignis,
965 1891 1001 1929 no

97 1965 100 1968 ’
151 1951 265 2005 Noctem
284 1952 389 2005 addens
408 1953 491 2020 operi,
510 1952 679 2020 famulasque
698 1951 734 2004 ad
753 1953 855 2005 lumina
873 1953 954 2020 longo

151 2028 268 2082 Exercet
286 2046 378 2096 penso,
397 2035 502 2084 eastum
521 2033 553 2081 ut
571 2046 680 2082 servare
698 2029 787 2082 cubile

151 2105 279 2172 Coniugis
297 2110 324 2158 et
344 2105 431 2172 possit
449 2121 546 2172 parvos
566 2105 683 2158 educere
703 2112 794 2159 matos:

152 2181 234 2233 llaud
253 2197 330 2234 secus
350 2181 510 2247 Ignipotens
529 2197 578 2233 nec
597 2186 721 2247 temporo
740 2183 849 2248 segnior
867 2182 914 2234 illo

151 2257 279 2310 Mollibus
297 2275 312 2310 e
332 2256 426 2309 stratis
445 2273 530 2324 opera
548 2257 583 2308 ad
603 2257 709 2308 fabrilia
728 2258 822 2325 surgit.
966 2274 1001 2311 ete

154 2334 244 2386 lusula
263 2334 397 2387 Sicinium
417 2333 494 2385 iuxta
512 2332 584 2385 latus
606 2333 784 2401 Aeoliamque

154 2411 273 2476 Erigitur
293 2410 416 2479 Liparen,
435 2409 604 2462 fumantibus
622 2410 709 2463 ardua
728 2412 808 2478 saxis,

152 2487 238 2550 Quam
257 2486 352 2540 subter
370 2503 466 2554 specus
484 2491 513 2539 ct
532 2487 677 2554 Cyelopum
697 2505 779 2541 exesa
797 2489 907 2542 caminis

152 2567 243 2615 Antra
263 2567 386 2618 Aetnaea
404 2569 508 2629 tonant,
527 2563 665 2632 validique
683 2564 826 2618 incudibus
845 2566 914 2618 ictus

153 2639 250 2692 Auditi
269 2641 394 2694 referunt
411 2641 551 2707 gemitum,
571 2641 747 2709 striduntque
766 2643 887 2694 cavernis
966 2656 1002 2694 sa)

152 2716 304 2768 Stricturae
322 2717 481 2784 Chalybum,
502 2723 530 2770 et
548 2717 701 2771 fornacibus
719 2719 790 2785 ignis
807 2717 925 2784 anhelat,

153 2791 266 2846 Volcani
284 2793 388 2859 domus,
408 2799 437 2846 et
457 2794 588 2847 Volcania
606 2795 715 2848 nominc
734 2795 821 2848 tellus.

154 2869 214 2921 lloc
232 2873 296 2922 tune
316 2869 476 2936 Ignipotens
494 2871 568 2923 caelo
587 2870 730 2925 deseendit
748 2871 783 2924 ab
801 2871 863 2925 alte.

153 2943 268 2998 Ferrum
287 2945 451 2998 exercebant
470 2951 546 3000 vasto
566 2947 696 3016 Cyclopes
714 2948 741 3000 in
760 2953 846 3014 autre,

153 3021 325 3090 Brontesque
345 3023 529 3091 Steropesque
547 3028 576 3076 ct
595 3024 684 3077 nudus
702 3024 825 3078 membra
844 3025 1000 3092 Pyracmon.

154 3098 206 3150 llis
224 3099 399 3152 informatum
419 3100 545 3153 manibus
563 3102 617 3153 iam
635 3110 715 3169 parte
733 3101 818 3169 polita
967 3117 1003 3153 eac

155 3174 267 3228 Fulmen
286 3181 352 3242 erat,
371 3180 430 3231 toto
450 3178 564 3231 Genitor
583 3193 652 3244 quae
671 3178 788 3245 plurima
806 3177 880 3230 caelo

156 3251 254 3305 l.)eiieit
272 3252 300 3304 in
318 3256 414 3318 terras,
433 3268 497 3319 pars
515 3253 665 3320 inperfecta
683 3252 817 3306 manebat.
