2278 3568
128 126 158 173 90
361 124 390 173 Ρ.
409 123 565 172 VERGILI
582 123 750 172 MARONIS

128 204 265 268 Quaerere
282 206 431 269 constituit,
450 205 585 272 sociisque
603 207 699 258 exacta
717 206 820 259 referre

128 281 249 336 Classem
267 284 295 336 in
313 299 432 337 convexo
451 297 593 334 nemorum
611 281 662 334 sub
680 298 748 350 rupe
766 294 862 335 cavata
943 297 979 336 aro

129 357 283 414 Arboribus
301 359 419 412 clausam
438 357 538 410 circum
557 359 641 425 atque
659 357 835 411 horrentibus
853 357 958 412 umbris

129 432 249 500 Occulit;
267 436 326 504 ipse
343 451 398 488 uno
416 433 544 502 graditur
563 433 711 488 comitatus
731 435 845 502 Achate,

130 511 200 564 Bina
218 529 300 566 manu
317 512 373 566 lato
391 512 513 580 crispans
531 510 640 564 hastilia
657 512 738 565 ferro.

130 587 181 641 (lui
198 592 287 642 mater
305 589 397 642 media
415 605 475 642 sese
494 588 560 642 tulit
579 587 659 642 obuia
678 587 750 655 silva,

131 664 251 732 Virginis
269 681 300 718 os
317 665 497 734 habitumque
515 663 615 733 gerens
633 669 662 718 ct
680 659 894 732 virginis'arma,
946 680 982 718 su

131 741 289 810 Spartanae,
307 742 349 795 vel
369 742 458 811 qualis
478 759 563 810 equos
583 741 710 796 Threissa
728 741 827 809 latigat

133 818 284 886 Harpalyce
303 819 495 888 volucremque
514 819 579 886 fuga
597 819 783 888 praevertitur
803 817 936 872 Hebrum.

131 894 257 962 Namque
269 895 389 949 humeris
402 895 437 950 de
450 912 526 950 more
538 895 658 950 habilem
672 895 853 965 suspenderat
865 911 957 948 arcum

132 971 273 1040 Venatrix,
292 972 463 1042 dederatque
481 991 585 1028 comam
604 973 757 1027 diffundere
776 972 871 1037 uentis,

132 1047 215 1101 Nuda
231 1065 310 1117 genu,
329 1049 456 1117 nodoque
475 1051 550 1104 sinus
569 1051 683 1104 collecta
700 1049 816 1102 liuentis.
949 1062 986 1100 aar

134 1126 175 1178 Ae
193 1127 275 1193 prior,
295 1127 379 1193 licus,
398 1127 496 1195 inquit,
515 1127 633 1194 iuvenes,
653 1130 812 1191 monstrate,
831 1141 953 1177 mearum

134 1201 250 1254 Vidistis
269 1203 291 1255 si
310 1220 393 1271 quam
411 1203 456 1256 hic
474 1208 611 1257 errantem
631 1204 702 1256 lorte
721 1218 852 1268 sororum,

133 1277 304 1331 Succinotam
322 1280 455 1346 pharetra
474 1283 502 1332 et
521 1279 674 1332 maculosae
693 1278 815 1345 tegmine
833 1276 925 1345 lyncis,

135 1358 193 1407 Aut
212 1355 364 1422 spumantis
382 1356 441 1423 apri
460 1373 571 1409 cursum
590 1355 709 1408 elamore
726 1356 905 1422 prementem.

169 1430 213 1484 Sic
233 1432 341 1497 Venus;
360 1435 389 1485 et
409 1432 526 1485 Veneris
545 1435 642 1485 eontra
661 1431 699 1483 sic
717 1430 788 1482 lilius
806 1445 898 1483 orsus:
952 1443 989 1482 ³25

136 1507 217 1560 Nulla
235 1511 344 1561 tuarum
363 1507 459 1562 audita
476 1508 543 1561 mihi
561 1524 652 1576 neque
670 1507 727 1559 visa
746 1522 875 1570 sororum,

136 1584 278 1654 O-quam
291 1589 320 1638 te
332 1602 488 1653 memorem,
501 1585 597 1653 virgol
617 1601 737 1653 namque
749 1582 824 1636 haud
836 1582 888 1636 tibi
900 1582 990 1636 voltus

136 1661 268 1728 Mortalis,
287 1679 336 1716 nec
354 1680 407 1716 vox
425 1662 563 1716 hominem
581 1666 676 1716 sonat:
694 1679 718 1727 o,
737 1661 789 1715 dea
807 1664 897 1728 certe;

137 1740 181 1792 An
202 1738 305 1792 Phoebi
323 1741 419 1793 sororl
438 1757 472 1792 an
492 1739 681 1808 Nympharum
701 1738 841 1807 sanguinis
859 1736 932 1793 unal

136 1814 179 1870 Sis
197 1815 270 1882 felix,
289 1819 469 1886 nostrumque
486 1816 568 1884 leves,
588 1832 785 1886 quaecumque,
803 1815 933 1881 laborem,
956 1828 992 1867 uso

138 1892 181 1957 Et,
200 1909 255 1960 quo
272 1892 323 1946 sub
341 1893 416 1947 eaelo
434 1894 555 1961 taudem
574 1893 675 1963 quibus
693 1893 768 1947 orbis
786 1893 814 1945 in
833 1893 888 1946 oris

138 1967 283 2036 laetemur,
302 1968 413 2022 doceas.¹
430 1970 518 2038 ignari
538 1970 734 2039 hominumque
751 1970 928 2038 locorumque

138 2043 275 2106 Erramus,
293 2047 376 2098 vento
394 2044 447 2099 lmo
465 2047 549 2100 vastis
567 2051 596 2101 et
614 2047 744 2100 fluctibus
761 2047 830 2101 acti:

138 2120 227 2174 Multa
245 2120 297 2174 tibi
315 2125 380 2176 ante
399 2139 460 2176 aras
478 2127 572 2177 nostra
591 2123 672 2178 cadet
689 2123 780 2177 hostia
799 2123 905 2177 dextra

173 2197 242 2250 Tum
250 2197 357 2255 Venus:
372 2199 457 2254 Haud
465 2201 595 2270 equidem
605 2201 653 2254 tali
662 2217 706 2253 mc
716 2200 815 2269 dignor
824 2201 941 2260 honors;
959 2211 994 2250 aas

139 2273 300 2342 Virginibus
321 2276 408 2345 Tyriis
427 2295 485 2330 mos
504 2282 547 2331 est
563 2281 673 2346 gestare
692 2278 858 2346 pharetram,

140 2350 337 2421 Purpureoque
355 2353 410 2406 alte
429 2371 507 2406 suras
525 2353 627 2406 vincire
646 2353 787 2406 cothurno

141 2426 243 2480 Punica
260 2445 345 2496 regna
363 2428 448 2496 vides,
468 2429 561 2498 Tyrios
579 2433 608 2482 et
628 2428 765 2496 Agenoris
782 2427 897 2490 urbem;

140 2503 196 2558 Sed
214 2503 281 2556 lines
300 2503 403 2572 llibyei,
422 2521 509 2573 genus
528 2505 702 2558 intractabile
721 2504 798 2557 bello.

141 2579 286 2650 Inperium
305 2580 380 2634 Dido
399 2581 480 2650 Tyria
498 2581 571 2649 regit
589 2580 658 2634 urbe
676 2581 804 2649 prolecta,
962 2593 997 2634 sla

142 2657 307 2711 Germanum
326 2657 442 2725 lugiens.
480 2657 575 2726 Longa
594 2661 637 2712 ost
655 2657 761 2724 iniuria,
779 2657 875 2724 longae

144 2732 298 2800 Ambages3
316 2733 366 2786 sed
385 2751 490 2788 summa
509 2751 609 2805 sequar
627 2734 737 2802 fastigia
754 2749 854 2787 rerum.

145 2809 215 2864 Huic
233 2810 350 2864 coniunx
370 2811 506 2879 Sychaeus
525 2815 592 2878 erat,
612 2810 764 2864 ditissimus
782 2811 841 2878 agii

144 2886 315 2954 Phoenicum,
334 2891 363 2941 et
381 2905 481 2956 magno
500 2890 616 2942 miserae
635 2887 752 2941 dilectus
770 2902 870 2955 amore,

143 2963 193 3018 Cui
211 2967 291 3032 pater
308 2964 439 3020 intactam
458 2965 583 3033 dederat,
601 2964 751 3034 primisque
769 2963 878 3032 iugarat
966 2978 1000 3017 aa

144 3039 293 3096 Ominibus.
330 3042 385 3096 Sed
404 3059 487 3111 regna
506 3042 570 3112 Tyri
589 3058 735 3110 germanus
754 3039 874 3094 habebat

145 3117 312 3186 Pygmalion,
329 3119 432 3174 scelere
449 3123 514 3174 anto
532 3120 600 3175 alios
616 3118 750 3174 inmanior
767 3116 861 3171 omnis.

146 3193 220 3259 Quos
239 3193 313 3249 inter
331 3196 439 3250 medius
456 3197 532 3252 uenit
550 3197 633 3252 furor.
671 3195 722 3250 lllo
740 3193 893 3261 Sychaeum
