2268 3570
390 147 576 195 AENEIDOS
594 146 661 194 LIB.
682 145 715 193 X.
938 148 984 196 275

131 227 229 284 'lotam
246 229 332 284 aciem
350 229 378 281 in
398 227 523 294 Teucros,
542 231 570 280 et
588 231 684 281 contra
701 228 729 280 in
747 229 828 282 litore
847 228 927 283 sist't

133 305 216 373 Signa
233 308 343 358 canunt.
382 304 490 356 Primus
509 309 613 356 turmas
631 304 731 358 invasit
748 304 865 373 agrestis
950 319 987 358 aro

133 385 249 449 Aeneas,
268 398 348 435 omen
367 397 482 450 pugnae,
502 381 655 449 stravitque
675 382 796 449 Latinos,

133 459 228 512 Occiso
247 458 379 525 Therone,
397 458 485 510 virum
504 457 551 525 qui
570 473 713 510 maxumus
732 459 805 512 ultro

134 537 247 588 Aenean
265 534 346 602 petit.
384 533 457 587 Huic
475 533 566 601 gladio
584 550 688 602 perque
707 551 788 588 aerea
806 538 874 599 suta,

134 611 186 663 Per
204 611 324 666 tunicam
342 611 514 679 squalentem
533 607 607 676 aure,
626 610 698 664 latus
717 611 809 664 haurit
827 615 961 679 apertum.

134 687 203 740 lude
222 687 324 740 Lichan
342 687 416 753 ierit,
435 689 575 740 exsectum
593 687 648 739 iam
667 691 756 741 matre
773 690 925 756 perempta,
950 703 986 741 am

133 763 168 816 lit
186 763 245 830 tibi,
266 761 382 830 Phoebe,
402 780 516 830 sacrum,
535 779 614 816 casus
633 763 751 817 evadere
769 764 834 817 ferri

132 839 212 902 Quod
229 839 306 893 licuit
324 857 416 907 parve.
454 839 512 892 Nec
531 839 619 906 louge,
640 839 734 894 Cissea
752 839 851 892 durum

134 915 328 984 immanemque
348 916 432 984 Gyan,
452 915 601 968 sternentis
618 915 728 982 agmina
744 915 827 981 clava,

132 991 239 1045 Deiecit
257 992 330 1056 leto;
349 991 416 1044 nihil
434 991 495 1044 illos
516 990 642 1044 Herculis
661 1007 744 1056 arma,

132 1067 189 1120 Nec
207 1067 314 1121 validae
332 1067 425 1121 iuvere
444 1083 540 1120 manus
558 1067 721 1134 genitorque
740 1067 902 1135 Melampus,
948 1081 985 1120 sao

132 1143 247 1197 Alcidae
265 1158 357 1198 comes
374 1161 462 1212 usque
479 1143 570 1210 gravis
589 1142 655 1195 dum
673 1149 750 1196 terra
767 1143 875 1196 labores

117 1219 268 1275 'Praebuit
304 1220 375 1274 Eece
394 1219 491 1286 Pharo,
510 1236 589 1273 voces
608 1219 673 1272 dum
692 1221 776 1274 iactat
794 1219 897 1288 inertis,

132 1296 297 1366 intorquens
316 1297 432 1352 iaculum
450 1296 580 1350 clamanti
599 1297 673 1350 sistit
691 1298 720 1350 in
738 1313 792 1350 ore.

129 1372 170 1425 Tu
188 1390 303 1442 quoque,
322 1373 468 1428 flaventem
486 1373 575 1442 prima
594 1373 722 1441 lanugine
740 1373 826 1426 malas

131 1447 201 1501 Dum
215 1449 337 1519 sequeris
351 1450 469 1518 Clytium
482 1449 585 1516 infelix,
598 1465 667 1502 nova
679 1449 786 1517 gaudia,
801 1449 903 1517 Cydon,
946 1464 982 1504 ηε

131 1523 269 1577 Dardania
287 1529 391 1578 stratus
410 1525 516 1590 dextra,
535 1542 648 1578 securus
666 1541 796 1589 amorum,

129 1601 181 1664 Qui
200 1600 328 1654 iuvenum
347 1601 398 1654 tihi
418 1617 526 1668 semper
544 1604 632 1667 erant,
650 1600 806 1654 miserande
823 1599 934 1668 iaceres,

132 1676 165 1728 Ni
184 1676 302 1730 fratrum
321 1677 423 1744 stipata
441 1676 536 1729 cohors
555 1676 627 1728 loret
644 1675 731 1742 obvia,
750 1675 849 1728 Phorci

132 1752 285 1820 Progenies,
304 1756 410 1820 septem
429 1768 550 1819 numero,
571 1755 739 1820 septenaque
757 1751 814 1804 tela

130 1828 300 1892 Ooniieimrt3
318 1829 419 1896 partim
436 1827 516 1896 galea
534 1828 675 1896 clipeoque
694 1827 830 1882 resultant
944 1843 980 1882 am

130 1905 224 1972 Inrita,
244 1905 358 1958 deflexit
375 1905 477 1972 partim
495 1904 660 1972 stringentia
677 1920 775 1972 corpus

132 1981 212 2034 Alma
234 1980 333 2034 Venus.
370 1980 470 2033 Fidum
490 1982 601 2034 Aeneas
619 1979 730 2034 adfatur
750 1979 893 2034 Achaten:

129 2057 251 2124 Suggcro
269 2057 326 2110 tela
344 2057 425 2120 mihi;
443 2073 497 2109 non
515 2056 600 2108 ullum
620 2056 737 2108 dextera
754 2057 857 2108 frustra

128 2133 250 2187 Torserit
262 2135 289 2186 in
305 2133 429 2200 Rutulos,
442 2136 582 2186 steterunt
594 2149 665 2201 quae
678 2132 705 2184 iu
718 2149 831 2199 corpore
844 2133 956 2187 Graium

131 2209 221 2263 Iliacis
239 2209 348 2277 campis.
384 2209 453 2261 Tum
472 2225 597 2275 nragnam
615 2207 729 2276 corripit
747 2207 862 2272 hastam,
943 2225 980 2264 aas

131 2285 166 2338 m
183 2284 263 2349 iacit;
281 2285 326 2338 illa
344 2284 437 2338 volans
454 2284 533 2352 clipei
551 2283 757 2336 transverberat
773 2300 838 2336 aera

131 2362 257 2426 Maeonis,
278 2366 306 2414 et
324 2361 435 2414 thoraca
453 2360 532 2413 simul
549 2377 612 2415 eum
629 2365 741 2428 pectore
759 2361 869 2428 rumpit.

131 2438 202 2490 Huic
219 2437 306 2491 irater
324 2437 398 2490 subit
418 2437 543 2504 Alcanor,
562 2436 731 2504 fratremque
749 2440 876 2492 ruentem

129 2515 272 2568 Sustentat
291 2514 406 2568 dextra:
423 2513 539 2568 traiecto
557 2512 640 2566 missa
658 2513 760 2566 lacerto

131 2590 258 2642 Protinus
276 2589 356 2642 hasta
373 2589 445 2658 fugit
464 2593 610 2657 servatque
628 2594 742 2644 cruenta
759 2593 891 2657 tenorem,
943 2605 979 2643 aro

130 2665 305 2732 Dexteraque
323 2683 357 2718 ex
375 2665 489 2719 humero
507 2666 598 2719 nervis
616 2667 779 2720 moribunda
796 2665 936 2735 pependit.

128 2741 197 2794 Tum
216 2741 345 2794 Numitor
362 2742 449 2795 iaculo
468 2742 563 2795 fratris
582 2741 749 2810 decarpere
768 2747 846 2811 rapto

129 2822 242 2872 Aenean
260 2819 355 2886 petiit;
374 2818 423 2871 sed
441 2835 495 2870 non
513 2823 543 2872 et
561 2818 646 2886 ligere
665 2822 760 2872 contra

129 2894 179 2947 Est
196 2894 308 2960 licitum,
327 2894 473 2962 magnique
490 2893 579 2948 fomur
597 2895 759 2962 perstrinxit
780 2895 909 2948 Achatae.

130 2971 183 3025 Hic
203 2970 328 3036 Curibus,
347 2970 435 3025 fidens
453 2970 591 3038 primaevo
610 2987 730 3040 corpore,
750 2971 864 3024 Clausus
942 2987 978 3026 ate

128 3047 259 3113 Advenit,
278 3053 307 3100 et
325 3046 414 3114 rigida
432 3046 569 3114 Dryopem
587 3047 652 3100 serit
671 3048 776 3101 eminus
795 3047 874 3101 hasta

128 3122 185 3178 Sub
196 3126 331 3188 mentum,
349 3123 469 3190 graviter
486 3139 587 3190 pressa,
606 3125 763 3192 pariterque
781 3123 916 3192 loquentis

128 3200 231 3257 Vocem
249 3199 421 3272 animamque
440 3199 513 3270 rupit
531 3199 647 3256 traiecto
664 3205 793 3270 gutture;
810 3202 840 3256 at
858 3200 904 3257 ille
