2268 3570
117 153 164 200 aee
373 154 400 200 r.
424 153 577 202 venerer
598 143 766 203 Mn'nonrs

117 231 260 302 Messapus
279 233 458 302 Cloniumque
477 234 697 302 Lycaoniumque
716 235 849 302 Ericeten,

119 309 128 359 l
134 308 199 362 llum
217 309 330 363 infrenis
348 311 411 377 equi
430 310 508 378 lapsu
526 311 624 364 tellure
642 311 784 376 iacentem,
933 325 972 366 reo

119 385 199 438 llune
217 386 339 454 peditem
359 386 450 455 pedes.
488 386 525 440 Et
544 387 642 455 Lycius
660 390 830 456 processerat
849 387 934 454 Agis;

117 460 204 524 Quem
222 465 314 516 tamen
332 462 406 515 hand
424 479 523 530 expers
545 463 659 516 Valerus
677 463 895 516 virtutisavitae

117 536 233 603 Deiicit3
251 543 281 591 at
299 539 448 591 Thronium
467 539 562 605 Salius,
583 539 739 608 Saliumque
760 539 881 605 Nealces,

117 613 235 682 Insignis
254 615 341 668 iaculo
360 618 389 668 et
407 615 487 682 longo
505 615 618 668 fallente
637 616 744 684 sagitta.

151 690 210 742 lam
222 691 321 759 'gravis
339 691 476 758 aequabat
494 691 584 745 luctus
602 695 631 744 et
649 698 744 745 mutua
762 691 874 744 Mavors
933 704 970 746 rte

116 764 237 832 Funera;
255 767 408 820 caedebant
426 769 529 836 pariter
546 768 704 836 pariterque
722 767 839 821 ruebant

115 847 241 901 Victores
259 849 394 918 victique3
412 866 501 918 neque
520 850 562 902 his
579 850 644 917 fuga
661 853 734 916 nota,
752 866 841 916 neque
859 847 919 901 illis.

115 923 150 976 Di
170 924 242 978 Iovis
260 925 288 978 in
307 926 389 979 tectis
407 926 476 979 iram
494 926 660 979 miserantur
678 926 784 978 inanem

115 999 274 1067 Amberum,
294 1005 322 1054 et
341 1005 433 1054 tantos
451 1001 611 1055 mortalibus
629 1019 688 1054 esse
706 1002 828 1068 laborem

117 1076 187 1130 Hinc
206 1077 307 1141 Venus
326 1077 389 1130 hinc
406 1082 501 1131 contra
518 1081 625 1146 spectat
644 1079 772 1131 Saturnia
791 1078 866 1133 lune.
930 1095 968 1134 rm

116 1151 222 1205 Pallida
241 1154 386 1221 Tisiphone
404 1154 495 1207 media¹
513 1154 586 1207 inter
603 1154 679 1207 milia
698 1155 791 1208 saevit

116 1230 156 1281 At
174 1246 238 1282 vero
257 1231 395 1297 ingentem
416 1232 545 1298 quatiens
564 1231 718 1283 Mezentius
736 1231 842 1284 hastam
932 1232 935 1238 '

115 1304 250 1358 Turbidus
269 1306 426 1373 ingreditur
444 1323 544 1375 earnpo
582 1306 670 1370 Quam
688 1323 802 1375 magnus
822 1308 911 1376 Orion,

115 1381 183 1435 Cum
201 1382 286 1450 pedes
304 1383 407 1436 incedit
425 1383 508 1436 medii
529 1400 579 1451 per
596 1399 724 1436 maxuma
742 1384 826 1437 Nerei

115 1459 217 1527 Stagna
234 1459 305 1512 viam
324 1459 456 1525 scindens,
475 1459 588 1512 hnrnero
606 1463 790 1528 supereminet
808 1463 902 1527 undas,
928 1478 965 1517 effi

117 1537 181 1603 Aut,
201 1535 313 1588 summis
330 1535 452 1588 referens
470 1552 597 1588 annosam
616 1535 754 1590 montibus
772 1553 877 1605 ornum,

118 1611 329 1680 ingrediturque
347 1611 404 1664 solo
422 1615 451 1665 et
469 1615 551 1680 eaput
568 1612 641 1664 inter
658 1611 752 1665 nubila
769 1614 874 1668 condit:

114 1687 185 1740 Talis
202 1704 232 1740 se
250 1689 333 1741 vastis
351 1689 435 1742 infert
453 1688 605 1741 Mezentius
624 1688 713 1741 armis

117 1763 186 1816 Huic
204 1768 299 1816 eontra
318 1766 434 1827 Aeneas,
454 1764 608 1832 speculatus
627 1765 654 1816 in
673 1765 781 1832 agmine
799 1765 885 1835 longo,

114 1839 216 1892 Obvius
234 1840 275 1892 ire
293 1845 379 1907 parat.
416 1840 511 1893 Manet
528 1841 721 1908 inperterritus
739 1841 792 1907 ille,
927 1858 964 1898 πο

115 1915 229 1968 Hostem
248 1916 448 1983 magnanimum
466 1917 618 1985 opperiens,
637 1922 666 1971 et
683 1917 754 1970 mole
773 1935 822 1971 sua
840 1923 910 1986 stat3

114 1993 207 2059 Atque
219 1991 302 2042 oeulis
315 1992 434 2058 spatium
447 2007 580 2058 emensus,
593 1997 726 2061 qnantum
740 1995 808 2047 satis
820 1995 916 2050 hastae
929 2017 934 2050 :

114 2067 217 2121 Dextra
235 2067 301 2118 mihi
320 2066 388 2120 dens
407 2071 436 2120 et
453 2067 547 2136 telum,
567 2069 641 2137 qnod
660 2070 762 2122 missile
780 2070 858 2138 libro,

114 2145 192 2196 Nune
210 2143 314 2197 adsint!
336 2144 429 2197 Voveo
447 2145 593 2212 praedonis
611 2161 725 2213 corpore
743 2147 829 2214 raptis

116 2220 242 2273 lndutum
262 2219 354 2288 spoliis
373 2220 462 2288 ipsum
481 2225 518 2284 te,
538 2220 635 2287 Lause,
653 2226 797 2290 tropaeum
895 2229 901 2238 ‘
925 2237 962 2278 77⁵
1057 2283 1066 2302 ι

114 2299 232 2350 Aeneae.
270 2296 354 2363 Dixit,
372 2295 589 2364 stridentemque
608 2297 712 2350 eminus
730 2296 835 2351 hastam

112 2373 199 2436 lecit;
215 2377 244 2426 at
262 2373 308 2424 illa
325 2373 417 2424 volans
435 2373 522 2439 clipeo
540 2377 583 2425 est
602 2390 722 2436 excussa,
741 2375 890 2444 proculque

111 2449 259 2518 Egregium
281 2451 403 2501 Antoren
421 2449 493 2500 latus
511 2448 584 2501 inter
602 2453 631 2501 et
647 2449 694 2502 ilia
711 2450 779 2517 figit,

112 2526 239 2579 Herculis
261 2526 383 2576 Antoren
402 2523 536 2584 comitem,
555 2524 602 2590 qni
621 2524 719 2576 missus
738 2525 772 2577 ab
793 2529 876 2595 Argis

113 2603 248 2656 Haeserat
268 2600 401 2658 Euandro.
420 2603 503 2666 atque
523 2599 596 2652 Itala
613 2600 774 2653 consederat
792 2604 867 2658 urbe.
926 2619 963 2658 rso

111 2677 250 2732 Sternitur
268 2676 360 2729 infelix
380 2676 468 2729 aliene
480 2675 598 2740 volnere,
617 2676 777 2744 caelumque

114 2754 226 2822 Aspicit,
239 2757 268 2806 et
286 2752 372 2805 dulcis
390 2752 508 2804 moriens
526 2753 712 2806 reminiscitur
733 2757 828 2822 Argos.

110 2831 178 2883 Tum
196 2830 258 2898 pius
278 2834 385 2882 Aeneas
403 2828 509 2882 hastam
529 2829 608 2896 iacit;
626 2829 673 2882 illa
690 2846 739 2897 per
757 2831 849 2884 orbern

114 2909 185 2960 Aere
204 2923 299 2960 cavum
317 2905 426 2975 triplici,
445 2923 495 2975 per
512 2906 584 2960 linea
602 2911 688 2974 terga,
707 2907 851 2976 tribusque

111 2985 228 3038 Transiit
243 2984 381 3037 intextum
399 2984 486 3036 tauris
504 3001 578 3051 opita,
597 2983 706 3052 imaque
725 2985 796 3038 sedit
925 3001 961 3042 tea

112 3061 242 3128 Inguine;
261 3061 310 3114 sed
328 3061 394 3113 viris
411 3060 486 3112 haud
503 3061 625 3127 pertulit.
664 3061 746 3113 Ocius
764 3077 856 3114 ensem

113 3138 228 3203 Aeneas,
246 3137 303 3188 viso
322 3136 455 3204 Tyrrheni
473 3136 603 3202 sanguine
622 3136 716 3200 laetus,

113 3211 201 3279 llripit
219 3228 235 3265 a
253 3212 359 3278 femine,
378 3215 406 3266 et
424 3211 575 3280 trepidanti
594 3210 715 3265 fervidus
733 3213 825 3264 instat.
