2266 3562
388 148 590 197 GEORGIGON
614 149 683 198 LIB.
708 149 745 198 II.
972 152 1001 199 51

146 225 202 282 Hie
218 229 291 297 petit
310 229 438 283 exscidiis
456 229 552 284 urbem
571 229 741 298 miserosque
763 229 882 296 Penatis,
967 244 1003 282 aes

147 301 186 359 Ut
204 322 313 372 gemma
331 306 409 360 bibat
428 309 457 360 et
476 306 593 360 Serrano
612 305 732 359 dormiat
750 309 843 370 ostr03

146 381 248 436 Condit
266 398 331 450 opes
349 382 425 444 alius,
445 382 607 450 defossoque
625 381 735 436 incubat
753 399 834 448 aur0;

147 457 201 511 Hic
219 462 313 528 stupet
331 459 464 512 attonitus
484 459 606 522 Ilostris;
625 459 696 512 hune
714 459 824 527 plausus
842 459 963 514 hiantem

146 534 201 588 Per
219 553 318 590 cuneos
336 536 491 604 geminatus
510 537 581 589 enim
600 536 743 605 plebisque
761 541 927 605 patrumque

146 612 298 681 Corripuit3
319 612 441 680 gaudent
459 613 562 682 perfrui
582 613 714 680 sanguine
733 615 856 678 fratrum,
967 629 1003 668 oro

146 689 303 758 Exsilioque
322 689 417 742 domos
435 693 463 743 ot
482 689 571 742 dulcia
588 689 680 742 limina
698 693 813 754 mutant,

148 768 242 833 Atque
260 767 313 820 alio
331 767 447 835 patriam
466 769 602 834 quaerunt
621 765 671 819 sub
691 766 747 819 sole
765 766 907 819 iacentem.

147 842 276 908 Agricola
293 843 404 896 incurvo
422 845 525 896 terram
544 841 657 895 dimovit
676 846 783 896 aratro:

147 917 220 971 Hine
238 919 301 971 anni
320 918 403 982 labor,
422 919 484 970 hine
502 919 619 985 patriam
637 935 790 986 parvosque
810 917 923 972 Penatis

146 995 274 1059 Sustinet,
293 994 356 1048 hinc
374 999 498 1047 amicata
516 993 598 1046 boum
617 995 785 1062 meritosque
804 994 940 1050 iuvencos.
965 1011 1001 1049 ore

146 1071 204 1124 Nee
222 1071 339 1140 requies,
359 1071 425 1140 quin
443 1075 491 1124 aut
508 1071 597 1138 pomis
616 1070 749 1124 exuberet
767 1087 862 1137 annus,

146 1151 206 1201 Aut
224 1148 282 1201 fetu
300 1149 437 1216 pecorum,
455 1151 503 1201 aut
522 1147 643 1201 Cerealis
661 1149 778 1216 mergite
796 1149 884 1216 culmi,

146 1224 340 1292 Proventuque
358 1229 454 1278 oneret
473 1223 560 1277 sulcos
578 1227 663 1292 atque
681 1225 780 1278 horrea
797 1225 891 1278 vincat.

145 1299 231 1356 Venit
250 1300 362 1368 hiemps,
382 1300 484 1354 teritur
502 1300 626 1368 Sicyonia
645 1299 712 1369 baca
730 1302 854 1369 trapetis,

146 1375 252 1430 Glande
271 1393 333 1430 sues
351 1377 416 1430 laeti
435 1377 560 1444 redeunt,
580 1377 648 1430 dant
666 1377 764 1430 arbuta
783 1378 880 1444 silvae;
964 1395 1000 1433 sae

145 1451 181 1506 nt
199 1453 287 1505 varios
306 1453 382 1521 ponit
400 1453 472 1506 fetus
491 1457 645 1520 autumnus,
664 1457 693 1506 et
711 1453 766 1506 alte

145 1527 222 1582 Mitis
239 1529 267 1582 in
286 1529 384 1598 apricis
402 1529 529 1598 coquitur
547 1529 684 1582 vindemia
702 1530 780 1584 saxis.

146 1603 257 1658 Interea
274 1604 368 1658 dulces
387 1605 509 1674 pendent
527 1605 627 1658 circum
647 1606 737 1658 oscula
754 1607 818 1673 nati,

146 1681 228 1734 Casta
245 1681 404 1750 pudicitiam
424 1686 514 1734 servat
534 1681 638 1746 domus,
657 1681 742 1734 ubera
761 1700 855 1736 vaccae

146 1757 247 1810 Laetea
265 1757 424 1823 demittunt,
443 1759 611 1826 pinguesque
629 1759 656 1810 in
675 1759 798 1825 gramine
817 1760 889 1814 laeto
964 1775 999 1814 ⁶25

146 1834 224 1888 Inter
243 1851 272 1888 se
290 1835 413 1888 adversis
431 1835 570 1888 luctantur
588 1835 715 1888 cornibus
733 1834 820 1888 haedi.

146 1910 210 1979 lpse
229 1911 288 1964 dies
307 1911 395 1978 agitat
413 1911 505 1974 festos,
523 1911 654 1980 fususque
673 1927 722 1978 per
740 1911 859 1980 herbam,

146 1987 222 2055 Ignis
240 1987 287 2040 ubi
305 1989 332 2040 in
351 1987 442 2040 medio
462 1991 490 2040 et
509 1987 572 2039 socii
590 1993 697 2040 cratera
715 1993 853 2056 coronant,

145 2063 190 2132 Te,
208 2063 303 2130 libans,
324 2064 437 2128 Lenaee,
457 2067 542 2128 vocat,
562 2063 723 2132 pecorisque
742 2065 881 2130 magistris

146 2139 254 2194 Velocis
271 2140 350 2192 iaculi
370 2139 519 2192 certamine
536 2139 613 2204 ponit
632 2139 659 2190 in
679 2139 759 2206 alme,

146 2217 318 2284 Corporaque
338 2216 439 2283 agresti
458 2214 563 2268 nudant
581 2214 717 2282 praedura
735 2215 894 2280 palaestrae.

146 2292 225 2346 Hanc
244 2292 306 2345 olim
326 2297 433 2345 veteres
452 2292 535 2344 vitam
555 2291 662 2344 coluere
682 2290 783 2358 Sabini,

146 2369 225 2422 Hane
245 2369 347 2421 Remus
367 2372 395 2422 et
412 2367 506 2435 frater,
525 2366 564 2420 sie
581 2367 661 2419 fortis
680 2367 791 2420 Etruria
809 2370 895 2423 crevit

145 2444 254 2498 Scilicet
272 2448 300 2498 et
318 2461 409 2497 rerum
428 2445 500 2497 facta
519 2446 561 2496 est
580 2443 762 2511 pulcherrima
782 2443 876 2514 Roma,

145 2521 311 2590 Septemque
329 2536 383 2573 una
401 2521 451 2574 sibi
470 2537 548 2574 muro
567 2519 748 2573 circumdedit
767 2538 849 2574 arces.

147 2599 221 2652 Anto
239 2598 324 2650 etiam
342 2601 480 2664 sceptrum
500 2596 605 2650 Dictaei
625 2597 704 2664 regis,
725 2601 753 2650 et
772 2601 835 2650 ante

146 2674 234 2742 Impia
253 2691 336 2744 quara
354 2675 438 2726 caesis
456 2691 523 2742 gens
542 2677 584 2725 est
604 2674 713 2742 epulata
732 2673 859 2742 iuvencis,

146 2751 254 2803 Aureus
272 2750 340 2804 hanc
358 2751 443 2806 vitam
462 2751 590 2804 interris
611 2751 746 2803 Saturnus
766 2751 875 2820 agebat:

146 2826 271 2880 Necdum
289 2825 372 2880 etiam
391 2827 534 2882 audierant
553 2827 639 2880 inflari
660 2828 777 2895 classica,
797 2827 913 2881 necdum

147 2901 284 2970 Inpositos
303 2903 379 2957 duris
397 2905 531 2972 crepitare
550 2905 692 2958 incudibus
712 2922 795 2958 enses.
965 2920 1000 2957 are

180 2979 234 3032 Sed
253 2998 301 3033 nos
318 2983 470 3038 inmensum
490 2985 583 3051 spatiis
602 2983 763 3036 confecimus
782 2999 890 3050 aequor,

145 3053 251 3111 Etiam
269 3061 379 3128 tempus
398 3076 498 3129 equum
516 3060 649 3114 fumantia
667 3059 772 3116 solvere
790 3059 865 3114 colla.
