2278 3568
424 171 607 220 AENEiDOS
630 170 698 218 LIB.
724 169 773 216 IV.
973 172 1016 217 151

168 255 275 310 invidia
293 256 351 308 5311
390 253 426 304 Et
444 252 551 305 553153
569 255 665 306 extera
683 267 815 314 quaerere
833 267 928 318 regna,
983 259 1018 305 355

166 333 213 386 Μ5
230 332 316 400 patris
335 326 479 394 Anchisae,
497 329 623 396 quotiens
641 327 818 381 humentibus
835 327 939 380 umbris

166 408 229 461 Nox
248 406 337 475 operit
354 409 450 470 terras,
471 405 599 472 quotiens
618 407 693 458 nstra
710 405 791 471 ignea
810 407 932 471 surgunt,

166 484 307 537 Admonet
324 483 352 534 in
371 481 472 534 somnis
490 483 519 534 et
538 480 650 534 turbida
669 484 758 534 terret
776 481 881 547 imag0;

166 561 212 614 Me
228 577 298 630 puer
316 558 449 610 Ascanius
466 557 616 625 capitisque
634 557 732 610 iniuria
750 557 812 624 cari,

166 637 253 700 Quem
271 651 355 702 regno
375 633 526 702 Hesperiae
543 634 641 687 fraude
659 637 688 688 et
706 633 835 688 fatalibus
853 635 931 688 arvis.
984 650 1020 690 355

166 713 190 765 N
193 731 245 766 unc
262 712 345 766 etiam
362 712 499 779 interpres
517 711 615 777 divom,
636 711 701 764 Iove
720 711 818 763 missus
837 711 872 764 ab
889 712 984 781 1535-

165 790 263 843 153153
280 792 428 856 utrumque
447 787 662 856 eaput—celeris
680 788 812 847 mandata
830 805 879 855 per
896 805 976 842 auras

131 870 136 878 “
166 865 287 931 1)515111;
306 865 365 934 ipse
383 865 465 918 deum
484 865 628 917 manifesto
646 865 675 916 in
693 863 795 916 iumine
813 864 869 916 vidi

167 943 320 1016 intrantem
339 959 438 1007 muros,
456 958 604 1010 vocemque
622 941 665 993 his
683 939 795 993 auribus
813 941 897 994 hausi.

167 1017 266 1072 Desine
284 1035 382 1086 meque
400 1018 455 1070 tuis
473 1018 619 1070 incendere
637 1021 721 1084 teque
739 1015 872 1085 querelis;
984 1032 1020 1070 355

167 1096 276 1148 Italiam
294 1111 347 1146 non
365 1097 462 1162 sponte
481 1110 585 1161 sequor.

200 1173 274 1226 Talia
292 1171 428 1225 dicentem
447 1169 607 1223 iamdudum
627 1187 722 1224 aversa
740 1173 840 1238 tuetur,

166 1249 230 1302 Huc
246 1248 311 1301 iiiuc
327 1247 439 1300 'volvens
458 1245 556 1308 oculos,
576 1250 720 1315 totumque
738 1250 865 1315 pererrat

166 1325 324 1378 huminibus
344 1324 442 1391 tacitis,
463 1327 492 1376 et
511 1323 548 1376 315
566 1339 680 1377 aceensa
698 1325 837 1393 profatur:

166 1403 222 1456 Nee
235 1402 285 1454 tibi
298 1402 361 1454 dira
373 1418 479 1468 parens,
492 1401 600 1468 generis
612 1418 662 1454 nec
675 1400 820 1455 Dardanus
832 1405 935 1470 auctor,
985 1415 1021 1454 355
1073 1434 1076 1439 -

169 1479 290 1542 i’eriide;
311 1477 360 1531 sed
379 1478 455 1530 duris
474 1478 570 1544 genuit
588 1481 617 1530 15
637 1477 762 1531 cautibus
781 1478 895 1531 horrens

166 1556 307 1621 Caucasus,
328 1556 526 1622 Hyrcanaeque
545 1555 692 1607 admorunt
711 1555 796 1607 ubera
814 1556 908 1621 tigres.

166 1629 190 1680 N
193 1646 236 1682 arn
249 1631 316 1699 quid
329 1630 485 1684 dissimulet
500 1634 548 1684 aut
561 1647 630 1698 quae
643 1647 686 1683 me
699 1631 735 1684 ad
747 1631 848 1683 maiora
860 1633 986 1685 reservet

166 1707 237 1760 Num
257 1707 324 1760 fletu
341 1707 475 1774 ingemuit
493 1709 604 1760 nostrai
625 1723 690 1759 nurn
711 1707 814 1760 lumina
832 1707 925 1760 flexiti

166 1783 239 1836 Num
248 1783 372 1836 lacrimas
382 1784 470 1836 vietus
480 1782 565 1848 dedit,
576 1787 625 1837 aut
634 1785 780 1837 miseratus
789 1787 926 1836 amantem
939 1785 998 1837 esti

166 1859 241 1922 Quae
254 1859 352 1928 quibus
364 1860 532 1913 anteieraml
550 1860 610 1911 iarn
622 1860 675 1912 ianr
688 1877 738 1914 nec
749 1876 876 1913 maxuma
890 1859 965 1926 iuno,
986 1873 1021 1914 371

166 1937 189 1988 N
193 1954 223 1989 cc
242 1937 386 1989 Saturnius
405 1935 471 1989 haec
491 1936 574 1988 oeulis
592 1940 673 2005 pater
690 1935 787 2005 aspicit
804 1937 904 2005 aequis.

167 2013 306 2080 Nusquam
326 2016 387 2066 tuta
405 2012 480 2066 fides.
519 2012 645 2067 Eiectum
664 2013 753 2080 litere,
773 2018 901 2081 egentem

167 2089 267 2156 Excepi
286 2097 314 2142 et
332 2089 409 2155 regni
429 2089 541 2142 demens
559 2089 588 2141 in
605 2093 684 2156 parte
703 2090 802 2155 locavi;

167 2166 304 2219 Amissam
323 2165 444 2233 classem,
464 2166 548 2218 socies
567 2181 583 2217 5
601 2170 690 2218 morte
709 2166 811 2218 reduxi.
986 2180 1021 2220 355

168 2243 231 2295 Heu
250 2242 327 2294 iuriis
345 2241 454 2294 incensa
471 2241 558 2294 feror!
597 2240 622 2293 N
624 2257 676 2293 unc
694 2257 780 2306 augur
799 2243 906 2310 Apelle,

168 2321 246 2373 Nunc
264 2319 361 2386 Lyciae
381 2321 475 2385 sortes,
493 2333 565 2370 nune
584 2320 613 2370 et
633 2317 699 2370 iere
717 2317 815 2370 missus
833 2318 868 2370 ab
887 2319 947 2387 1535

168 2398 310 2465 interpres
328 2395 419 2448 divom
438 2394 492 2448 sert
511 2393 623 2447 horrida
642 2393 715 2447 15335
733 2410 782 2461 per
801 2411 886 2448 55353.

168 2475 275 2528 Scilicet
292 2474 315 2527 is
335 2473 446 2542 Superis
464 2472 542 2525 labor
560 2476 609 2538 est,
630 2489 662 2524 ea
680 2488 745 2524 cura
764 2471 872 2540 quietos

167 2551 305 2604 Sollicitat.
343 2550 441 2618 Neque
458 2553 494 2602 te
505 2553 593 2617 teneo,
612 2565 701 2618 neque
719 2547 793 2600 dicta
810 2547 919 2613 refeil0;
987 2562 1025 2600 335

168 2629 189 2694 Ι,
209 2645 324 2696 sequere
344 2627 453 2680 italiam
472 2628 568 2692 ventis,
588 2629 652 2694 pete
670 2643 754 2692 regna
773 2642 822 2693 per
840 2625 934 2678 undas.

167 2705 252 2774 Spero
270 2704 397 2773 equidem
417 2704 522 2771 mediis,
541 2705 563 2756 si
581 2703 649 2772 quid
666 2703 711 2771 pia
729 2702 839 2754 numina
857 2704 977 2769 5533551,

168 2781 304 2850 Supplicia
322 2781 469 2832 hausurum
488 2781 613 2849 seopulis,
632 2783 661 2832 ct
678 2779 786 2832 nemine
805 2779 877 2830 Dido

168 2858 255 2926 Saepe
273 2861 438 2909 3555153515.
476 2857 580 2924 Sequar
598 2857 666 2909 atris
684 2856 793 2923 ignibus
812 2854 916 2918 absens,

168 2935 212 3001 Iit,
231 2951 292 2988 euni
310 2932 409 2999 frigida
427 2933 499 2986 iners
517 2934 606 2985 anima
625 2932 766 2986 seduxerit
784 2935 867 2994 artua,
988 2943 1025 2982 335

86 3003 90 3011 ’
169 3011 301 3064 Omnibus
319 3009 417 3061 umbra
433 3009 499 3062 locis
515 3009 605 3062 adero.
640 3009 733 3076 Dabis,
751 3005 871 3076 inprobe,
889 3022 997 3074 poenas.

173 3089 297 3154 Audiam,
315 3089 344 3139 et
362 3086 428 3138 haee
447 3085 536 3138 Manis
555 3087 646 3138 veniet
663 3085 730 3137 mihi
748 3086 820 3136 lama
839 3082 984 3134 subimus.

171 3166 221 3218 His
238 3163 359 3218 medium
378 3162 459 3215 dietis
478 3179 629 3215 sermenem
647 3160 794 3228 abrumpit,
815 3162 843 3212 et
861 3175 942 3211 auras

172 3245 263 3310 Aegra
278 3240 357 3305 fugit.
376 3255 458 3306 seque
477 3255 510 3292 ex
529 3237 613 3291 oculis
631 3237 732 3292 avertit
749 3240 778 3290 ct
796 3235 893 3296 aufert,
