2278 3568
418 155 624 204 GEORGIGON
643 158 711 208 LIB.
731 159 780 208 IV.
1000 165 1026 214 8]

170 234 286 289 Inferias
307 235 410 303 Orphei
430 235 552 290 Lethaea
570 255 707 306 papavera
725 240 826 308 mittes,
994 258 1027 297 aar

169 312 206 364 ut
224 312 328 378 nigram
345 313 480 366 mactabis
503 331 587 383 ovem,
609 315 753 386 lucumque
771 319 885 384 revises;

170 390 310 442 Placatam
329 389 483 458 Eurydicen
505 393 590 446 vitula
609 393 774 448 venerabere
792 412 877 450 caesa

206 467 290 520 Haud
309 484 400 535 mora;
420 470 547 523 continuo
568 471 663 524 matris
682 478 828 542 praecepta
846 474 969 540 facessit;

171 544 218 598 Ad
237 544 351 598 delubra
368 547 450 615 venit,
471 552 637 602 monstratas
657 551 760 603 excitat
778 567 845 617 aras,

171 621 307 685 Quattuor
325 623 439 676 eximios
458 627 609 694 praestanti
629 645 741 696 corpore
759 631 852 680 tauros
990 643 1027 682 sao

170 699 259 767 Ducit,
278 704 306 753 et
324 701 428 754 intacta
449 701 565 756 totidem
586 706 689 758 cervice
707 706 838 757 iuvencas

171 775 243 844 Post,
263 777 309 830 uhi
328 795 398 832 nona
418 796 480 832 suos
501 781 608 834 Aurora
627 782 773 834 induxerat
791 785 875 848 ortus,

171 853 285 906 Inferias
305 854 408 924 Orphei
428 856 522 923 mittit,
542 857 686 926 lucumque
706 858 805 911 revisit.

171 928 225 983 Hic
242 949 306 984 vero
327 932 447 984 subitum
467 949 498 984 ac
517 933 592 986 dictu
612 935 734 987 mirabile
753 937 903 986 monstrum

172 1008 323 1076 Aspicinnt,
343 1009 490 1076 liquefacta
508 1008 589 1062 boum
607 1027 657 1077 per
676 1013 778 1064 viscera
795 1013 854 1063 toto
989 1025 1025 1064 aas

171 1083 295 1138 Stridere
313 1101 379 1154 apes
396 1088 476 1138 utero
495 1089 524 1139 et
541 1087 629 1154 ruptis
648 1087 779 1140 effervere
796 1087 886 1154 costis,

171 1167 368 1232 Inmensasqne
386 1163 458 1215 trahi
476 1162 568 1232 nubes,
586 1164 694 1234 iamque
712 1164 810 1218 arbore
828 1181 933 1218 summa

172 1241 315 1296 confluere
331 1243 363 1293 et
382 1239 462 1292 lentis
481 1257 561 1292 uvam
581 1240 728 1294 demittere
746 1236 834 1294 ramis.

206 1397 283 1450 Haec
301 1413 381 1462 anper
399 1413 524 1448 arvorum
543 1397 618 1449 cultu
635 1413 818 1465 pecorumque
836 1397 964 1450 canebam

172 1474 208 1528 Et
226 1489 308 1541 super
325 1471 474 1538 arboribus,
494 1472 593 1525 Cacsar
611 1473 675 1526 dum
688 1489 802 1539 magnus
816 1472 852 1524 ad
866 1473 951 1526 altum
986 1489 1023 1527 aco

172 1549 309 1604 Fulminat
327 1548 486 1615 Euphraten
505 1547 583 1612 bello,
603 1550 741 1616 victorque
760 1549 876 1602 volentis

171 1625 226 1679 Per
242 1625 356 1694 populos
375 1621 423 1674 dat
440 1624 507 1691 iuna,
526 1624 651 1692 viamque
670 1625 791 1676 adfectat
810 1623 931 1694 Olympo.

171 1704 223 1757 Illo
243 1701 394 1769 Vergilium
414 1718 457 1754 me
476 1705 599 1769 tempore
618 1701 704 1755 doricis
723 1700 814 1752 alebat

172 1781 352 1847 Parthenope,
371 1777 468 1829 studiis
488 1777 630 1833 florentem
648 1777 772 1846 ignobilis
792 1777 838 1842 oti,

173 1858 298 1912 Carmina
316 1855 362 1922 qni
379 1855 430 1906 lusi
448 1857 594 1921 pastorum,
613 1856 756 1922 audaxque
774 1853 892 1920 iuventa,
985 1871 1021 1909 ses

172 1935 271 2002 Tityre,
289 1934 318 1984 te
335 1931 446 1998 patulae
464 1930 547 1982 cecini
565 1931 615 1982 sub
633 1931 752 1998 tegmine
771 1928 834 1996 fagi.
