2290 3568
414 153 596 204 AENEIDOS
616 154 685 202 LIB.
709 154 741 202 V.
959 159 1004 206 173

156 239 221 294 Alta
237 244 343 307 petens,
361 237 520 305 pariterque
539 235 631 289 oculos
649 236 789 305 telumque
807 237 932 292 telendit.

155 320 209 370 Ast
226 317 313 383 ipsam
332 313 503 368 miserandus
521 329 598 365 avem
617 313 776 380 contingere
794 312 867 366 ferro

154 393 214 445 Non
234 391 332 454 valuit;
352 389 436 444 nodos
454 392 483 442 et
502 389 608 442 vincula
626 390 697 443 linea
715 390 796 457 rupit,
970 406 1005 446 tro

154 468 219 532 Quis
237 468 337 521 innexa
354 466 453 535 pedem
472 466 542 518 malo
561 465 700 534 pendebat
719 465 753 519 ab
771 467 841 531 alto;

154 545 205 598 llla
223 549 302 598 notos
320 548 403 611 atque
421 546 482 595 atra
500 542 593 594 volans
610 543 638 594 in
657 542 750 595 nubila
767 543 843 610 fugit.

153 622 221 675 Tum
239 621 358 689 rapidus,
378 619 537 672 iamdudum
558 636 622 672 arcu
641 624 769 674 contenta
787 626 883 688 parato

153 697 217 752 Tela
235 703 340 763 tenena,
358 697 473 750 fratrem
492 696 622 763 Eurytion
642 697 668 748 iu
687 700 750 749 rota
768 698 881 763 vocarit,

154 774 213 828 Iam
232 792 314 828 vacuo
333 773 434 826 laetam
453 772 527 826 caelo
546 773 709 840 speculatus,
729 778 757 826 et
775 773 825 826 alis
970 791 1006 828 sus

154 850 334 904 Plaudentem
353 850 432 916 nigra
450 848 511 916 figit
530 848 580 900 sub
600 848 671 900 nube
690 849 848 902 columbam.

153 926 262 982 Decidit
281 926 419 989 exanimis,
437 925 577 991 vitamque
596 924 706 991 reliquit
725 924 752 976 in
771 926 852 977 astris

155 1003 299 1068 Aetheriis,
319 1001 457 1068 fixamque
476 1001 560 1051 refert
579 999 690 1067 delapsa
708 1001 843 1066 sagittam.

154 1081 262 1133 Amissa
281 1077 353 1130 solus
371 1077 461 1145 palma
479 1075 626 1142 superabat
645 1077 775 1140 Acestcs;

154 1156 205 1220 Qui
224 1160 316 1208 tamen
335 1153 421 1206 serias
439 1153 525 1205 telum
544 1151 686 1204 contendit
704 1153 731 1204 in
749 1169 833 1218 aurae,
970 1167 1006 1208 sao

153 1232 302 1286 Ostentans
321 1233 464 1296 artemque
481 1232 560 1296 pater
579 1245 725 1296 arcumque
744 1235 891 1284 sonantem.

154 1308 207 1362 Hic
226 1307 308 1361 oculis
327 1305 446 1360 subitum
466 1305 593 1358 obiicitur
611 1321 763 1374 magnoque
782 1307 903 1360 futurum

153 1384 278 1453 Augurio
296 1387 463 1446 monstrum;
483 1383 576 1435 docuit
594 1386 656 1450 post
675 1382 764 1436 exitus
782 1383 886 1453 ingens,

153 1462 274 1529 Seraque
292 1459 404 1513 terrifici
424 1459 581 1512 cecinerunt
599 1460 688 1516 omina
705 1462 788 1512 rates.

153 1537 279 1604 Namque
298 1535 390 1587 volans
407 1535 519 1602 liquidis
538 1535 565 1586 iu
583 1534 701 1588 nubibus
720 1536 787 1588 arsit
805 1537 917 1604 ariundo,
969 1553 1005 1590 aas

154 1613 330 1680 signavitque
350 1611 420 1662 riam
439 1609 562 1676 flammis,
581 1611 726 1678 tenuisque
744 1613 858 1664 recessit

154 1689 322 1756 Consumpta
339 1689 367 1739 iu
387 1690 498 1750 rontos;
516 1686 591 1740 caelo
609 1703 659 1739 ceu
677 1704 757 1754 saepe
775 1689 860 1740 refixa

154 1765 354 1819 Transcurrunt
373 1763 531 1831 crinemque
549 1762 667 1816 volantia
686 1763 777 1816 sidera
796 1764 905 1817 ducunt.

155 1843 289 1897 Attonitis
307 1841 419 1894 haesere
438 1839 541 1906 animis,
561 1839 733 1908 Superosque
751 1842 853 1908 prccat'

153 1920 283 1973 Trinacrii
302 1918 452 1986 Teucrique
469 1916 535 1980 viri3
552 1933 601 1969 nec
620 1933 763 1969 maxumus
781 1934 859 1970 omen
969 1933 1005 1974 seo

155 1997 260 2049 Abuuit
279 1998 403 2058 Aeneas;
422 1993 472 2047 sed
489 1994 591 2046 laetum
610 1994 750 2061 amplexus
770 1996 890 2047 Acesten

154 2071 315 2125 Muneribus
333 2069 453 2123 cumulat
472 2070 584 2137 magnis,
604 2085 635 2121 ae
653 2069 720 2122 talia
737 2070 823 2122 fatur:

154 2149 242 2213 Sume,
262 2151 356 2215 pater;
374 2163 441 2202 nam¹
455 2149 483 2197 to
502 2145 587 2197 voluit
605 2161 654 2196 rex
673 2162 786 2212 magnus
805 2145 912 2213 Olympi

154 2224 265 2277 Talibus
284 2222 409 2288 auspiciis
428 2223 565 2273 exsortem
585 2220 684 2274 ducere
704 2220 841 2273 honorem.

155 2301 243 2368 Ipsius
263 2297 399 2352 Anchisae
417 2296 540 2363 longaevi
558 2295 608 2348 hoc
626 2312 723 2348 munus
741 2295 862 2363 hebebis,
969 2313 1005 2352 535

155 2377 268 2430 Cratera
285 2375 437 2442 inpressum
456 2373 545 2440 signis,
564 2389 645 2441 quem
664 2371 793 2426 Thracius
811 2373 874 2426 olim

155 2453 291 2506 Anchisae
309 2449 426 2520 genitori
445 2449 473 2502 in
490 2465 589 2516 magno
607 2466 720 2502 munero
739 2449 847 2504 Cisseus
972 2451 973 2454 ’

154 2529 238 2583 Ferro
256 2530 298 2583 sui
317 2527 433 2582 dederat
451 2530 655 2580 monumentum
674 2529 703 2580 et
720 2526 818 2595 pignus
835 2527 941 2581 amoris.

155 2605 198 2659 Sic
216 2607 287 2659 fatus
306 2605 391 2672 cingit
409 2602 538 2656 viridanti
559 2607 684 2672 tempora
702 2602 786 2670 lauro,

154 2682 190 2736 Et
208 2683 325 2750 primum
344 2684 407 2734 ante
425 2679 511 2733 omnis
529 2680 660 2733 rictorem
678 2680 800 2748 appellat
818 2682 945 2733 Acesten.
968 2693 1005 2732 555

154 2757 180 2810 N
182 2775 213 2811 ec
230 2757 317 2810 bonus
336 2757 466 2825 Eurytion
486 2756 608 2825 praelato
626 2755 725 2808 invidit
743 2756 845 2824 honori,

155 2834 282 2897 Quamvis
301 2833 374 2886 solus
391 2851 467 2886 avem
486 2833 560 2886 caelo
578 2832 679 2886 deiecit
697 2832 731 2885 ab
750 2833 813 2885 alto.

154 2909 307 2964 Proxumus
324 2910 477 2976 ingreditur
496 2910 580 2976 donis,
600 2910 647 2977 qui
665 2908 771 2961 vincula
789 2909 870 2977 rupit,

155 2987 309 3053 Extremus,
328 2986 429 3039 volucri
448 2987 495 3053 qui
513 2986 574 3038 fixit
592 2985 724 3038 arundine
743 2985 850 3038 malum.

193 3066 231 3117 At·
247 3067 327 3132 pater
347 3064 461 3126 Aeneas,
479 3062 597 3114 nondum
617 3062 764 3116 certamine
782 3061 871 3125 misso,
969 3075 1005 3114 555

154 3139 302 3195 Custodem
321 3139 357 3192 ad
375 3155 435 3192 sese
453 3138 635 3206 comitemque
652 3138 761 3206 inpubis
780 3137 832 3190 Iuli

154 3214 290 3285 epycden
307 3219 394 3282 vocat,
412 3217 442 3270 et
459 3212 542 3268 fidam
560 3214 598 3268 sie
615 3215 690 3268 satur
707 3215 742 3268 sd
762 3231 867 3268 eurem:
