2268 3570
114 155 159 204 288
180 168 182 172 ·
340 153 369 201 P.
388 151 543 200 VERGILI
560 147 726 198 MARONIS

115 234 175 287 Hoc
192 239 285 288 tamen
303 231 399 285 infelix
417 231 545 286 miseram
563 230 687 285 solabere
704 233 834 286 mortem:

115 312 225 364 Aeneae
242 309 334 377 magni
354 308 453 362 dextra
470 309 552 362 cadis.
590 310 719 376 Increpat
737 309 810 361 ultro
926 321 963 360 seo

114 387 273 440 Cunctantis
293 387 385 454 socios,
404 389 433 440 et
451 389 527 440 terra
545 386 669 440 sublevat
686 386 782 454 ipsum,

114 464 249 530 Sanguine
268 467 425 531 turpantem
444 468 566 532 comptos
585 463 620 515 de
638 479 713 516 more
731 463 847 530 capillos.

149 539 259 593 Interea
276 541 384 607 genitor
402 539 522 592 Tiberini
540 539 576 593 ad
594 539 711 596 fluminis
729 540 830 591 undam

116 616 232 669 Volnera
251 616 369 670 siccabat
386 617 511 686 lymphis,
530 634 682 686 corpusque
699 617 808 669 levabat

116 692 230 746 Arboris
249 693 362 746 adclinis
381 699 483 746 trunco,
522 694 620 747 Procul
638 711 718 747 aerea
730 694 812 746 ranris
927 705 963 744 835

115 769 260 836 Dependet
277 771 361 838 galea,
380 776 409 824 ct
426 775 506 839 prato
524 771 617 839 gravia
635 787 710 824 arma
729 771 878 838 quieseunt.

116 848 195 899 ¹itaut
212 847 276 900 lecti
297 848 399 900 circum
417 849 543 912 iuvenes;
567 848 626 916 ipse
644 864 732 915 aeger,
750 847 886 912 anhelans,

115 921 190 975 Colla
208 924 289 990 fovet,
308 924 384 977 fusus
403 941 550 993 propexam
570 925 597 976 in
615 927 725 992 pectore
743 923 869 986 harbaum

115 998 203 1052 Multa
222 1017 303 1068 super
322 1001 411 1054 Lauso
429 1001 538 1068 rogitat,
564 1001 719 1068 multosque
737 999 860 1063 remittit,

116 1075 168 1140 Qui
186 1081 320 1143 revocent,
340 1079 491 1146 maestique
510 1078 600 1130 ferant
618 1077 746 1130 mandata
763 1077 892 1145 parentis.
927 1089 964 1128 tto

118 1154 156 1205 At
175 1153 294 1206 Lausum
314 1153 378 1206 socii
397 1154 548 1207 exanimem
568 1171 650 1222 super
668 1170 743 1206 arma
761 1152 886 1206 ferebant

119 1229 235 1294 lllontes,
255 1230 391 1296 ingentem
411 1235 494 1299 atque
511 1231 616 1297 ingenti
634 1230 743 1283 volnere
761 1230 867 1282 victum.

118 1305 256 1372 Adgnovit
274 1305 353 1374 longe
372 1309 503 1375 gemitum
523 1324 655 1375 praesaga
672 1306 736 1358 mali
754 1323 836 1360 mens.

118 1381 249 1434 Canitiem
268 1383 355 1435 multo
373 1383 509 1436 deformat
526 1383 645 1451 pulvere,
665 1387 694 1436 et
712 1382 805 1435 ambas

119 1457 163 1510 Ad
181 1458 285 1510 caelum
304 1459 395 1512 tendit
412 1459 522 1526 palmas,
544 1463 573 1513 et
591 1477 704 1528 corpore
723 1459 855 1512 inhaeret.
930 1473 966 1510 sss

117 1534 237 1587 Tantane
255 1551 299 1588 me
317 1537 406 1588 tenuit
424 1535 541 1600 vivendi,
559 1541 630 1602 nate,
649 1536 780 1608 uoluptas,

118 1610 156 1664 Ut
172 1627 222 1679 pro
240 1627 284 1664 me
301 1611 393 1665 hostili
412 1617 521 1680 praterer
539 1613 684 1666 succedere
703 1612 824 1679 dextrae,

118 1687 204 1751 Quem
221 1688 320 1755 genuit
345 1689 437 1742 Tuane
455 1689 521 1742 haec
539 1690 646 1756 genitor
664 1705 714 1757 per
732 1689 841 1741 volnera
859 1703 959 1749 servor,

118 1763 208 1817 Morte
227 1769 275 1817 tna
293 1765 404 1819 vivensl
432 1766 502 1830 Heu,
521 1782 592 1817 nunc
610 1765 709 1817 misero
727 1765 794 1816 mihi
813 1764 922 1816 demum

120 1840 249 1893 llnsilium
267 1841 375 1894 infelixl
395 1858 465 1894 nune
483 1841 539 1893 alte
558 1841 653 1892 volnus
671 1840 812 1898 adactum!
931 1853 967 1891 eso

122 1916 197 1970 ldem
215 1933 273 1984 ege,
291 1922 363 1984 nate,
383 1921 461 1970 tuum
481 1917 609 1968 maculavi
628 1917 740 1968 erimine
758 1932 862 1981 nomen,

121 1993 214 2046 Pulsus
233 1993 268 2044 ob
286 1993 417 2044 invidiam
437 1992 502 2043 solio
522 1993 693 2058 sceptrisque
711 1991 840 2059 paternis.

120 2069 272 2122 Debueram
291 2069 397 2136 patriae
415 2083 517 2135 poenas
536 2067 661 2136 odiisque
679 2083 815 2121 meorum:

119 2145 213 2198 Omnis
229 2163 278 2214 per
296 2145 392 2197 mortis
410 2145 527 2196 animam
546 2149 651 2196 sontem
669 2144 728 2212 ipse
746 2143 896 2200 dedissem!

120 2222 142 2274 N
146 2239 197 2274 unc
209 2223 277 2289 vivo,
292 2237 380 2288 neque
393 2220 481 2272 adhuc
494 2219 616 2272 homines
629 2221 772 2288 lucemque
784 2222 914 2290 relinquo.
931 2239 967 2276 sss

118 2297 173 2352 Sed
191 2298 321 2366 linquam.
348 2297 433 2350 Simul
450 2296 502 2349 hoe
521 2296 613 2350 dicens
632 2297 734 2350 attollit
751 2298 778 2350 in
797 2315 908 2366 aegrum

118 2375 153 2428 'Se
171 2374 267 2440 femur,
287 2378 322 2440 et,
343 2389 508 2441 quamquam
526 2374 566 2426 vis
585 2374 641 2426 alto
659 2374 768 2428 volnere
786 2375 886 2436 tardat,

121 2449 203 2504 Haud
221 2450 343 2504 deiectus
362 2465 461 2516 equum
481 2449 542 2502 duci
560 2450 646 2504 iubet.
672 2451 732 2503 Hoc
750 2450 833 2504 decus
851 2453 897 2517 illi,

121 2527 180 2580 lloe
198 2527 317 2579 solamen
336 2530 409 2589 erat3
428 2525 506 2578 bellis
525 2525 576 2578 hoe
594 2527 680 2579 vietor
698 2527 792 2581 abibat

120 2602 258 2656 llmuibus.
285 2603 452 2670 Adloquitur
470 2607 646 2670 maerentem,
666 2607 694 2656 et
712 2604 813 2658 talibus
831 2605 905 2659 iniit:
932 2620 969 2657 eso

121 2679 239 2746 lthacbe,
258 2678 312 2745 diu,
332 2696 375 2732 res
394 2679 416 2732 si
435 2696 489 2747 qua
508 2679 556 2732 diu
573 2677 734 2732 mortalibus
752 2679 808 2732 ulla
826 2685 876 2748 est,

122 2756 253 2810 Viximus,
286 2759 346 2810 Aut
363 2757 445 2810 hodie
463 2757 550 2810 victor
568 2756 654 2824 spolia
671 2755 717 2808 illa
735 2760 847 2810 cruenta

121 2833 156 2884 llt
173 2838 255 2901 ceput
278 2835 384 2888 Aeneae
403 2833 512 2899 referes,
531 2833 667 2900 Lausique
686 2833 810 2887 dolorum

119 2909 201 2962 Ultor
219 2911 273 2963 eris
291 2928 403 2977 mecum,
422 2915 477 2977 aut,
496 2911 585 2979 aperit
603 2911 626 2962 si
644 2911 717 2964 nulla
735 2911 806 2964 viam
824 2912 870 2975 vis,

120 2985 272 3040 Occumhes
289 2988 408 3055 pariter3
430 3005 518 3055 neque
537 2988 616 3052 eninr,
635 2988 789 3055 fortissime,
807 2987 897 3053 credo,
933 3001 969 3040 ses

121 3061 199 3116 Iussa
217 3063 305 3116 aliena
323 3064 380 3132 pati
400 3067 429 3116 et
447 3063 570 3116 dominos
589 3063 736 3132 dignabere
755 3065 877 3117 Teucros

121 3138 207 3204 Dixit,
226 3143 255 3193 et
273 3143 404 3208 exceptus
422 3144 500 3207 tergo
518 3145 647 3193 consueta
665 3140 763 3193 locavit

121 3212 254 3282 Membra,
272 3231 422 3284 manusque
441 3215 535 3268 ambas
553 3213 646 3269 iaculis
665 3215 787 3269 oneravit
805 3216 898 3280 acutis,
