2278 3568
106 158 153 204 154
334 157 363 204 P.
384 157 539 204 VERGILI
557 156 724 205 MARONIS

106 234 143 287 m
155 235 240 288 solem
251 236 389 302 geminum
402 237 430 288 et
444 234 559 303 duplicis
571 253 600 288 se
613 237 759 292 ostendere
772 237 879 293 Thebas
886 258 893 302 ;
921 252 957 290 47⁰

108 311 165 364 Aut
185 311 415 379 Agamemnonius
434 311 538 364 scaenis
556 312 676 378 agitatus
696 313 809 368 Orestes

109 389 250 440 Armatam
268 387 370 440 facibus
388 391 504 441 matrem
523 392 552 440 et
570 388 743 456 serpentibus
761 391 829 444 atris

106 463 174 516 (liam
192 464 270 532 fugit,
288 464 456 530 ultricesque
475 464 573 517 sedent
590 464 618 516 in
636 463 729 518 limine
748 466 839 521 Dirae.

140 540 212 608 Ergo
229 540 276 592 ubi
294 541 419 608 concepit
436 540 522 593 furias
541 541 630 593 evicta
648 540 742 595 dolore

107 617 289 686 Decrevitque
306 617 384 684 mori,
402 620 511 684 tempus
531 633 622 670 secum
640 616 699 685 ipsa
716 619 884 688 modumque
925 635 960 675 ora

106 693 206 762 Exigit,
225 697 261 760 et,
281 697 413 747 maestam
433 693 514 746 dictis
533 693 664 761 adgressa
681 710 810 761 sororem,

106 770 254 824 Consilium
273 770 349 823 roltu
367 771 445 838 tegit,
464 787 495 823 ac
514 787 590 838 spem
608 769 698 824 fronte
716 775 839 826 serenat:

107 847 209 912 Inveni,
226 863 364 914 germana,
382 847 606 914 viam-gratare
625 847 746 900 sorori-

106 924 183 988 Quae
201 923 267 977 mihi
285 923 386 977 reddat
405 940 474 991 eum,
493 923 536 977 vel
555 939 587 976 eo
605 939 649 976 me
668 923 756 979 solvat
774 926 918 977 amantem.

107 999 207 1054 Oceani
225 1001 306 1054 finem
325 1001 402 1054 iuxta
421 1000 560 1068 solemque
579 999 723 1054 cadentem
925 1014 960 1053 sse

107 1077 226 1130 Ultimus
246 1076 414 1145 Aethiopum
432 1077 506 1129 locus
524 1079 574 1140 est,
593 1076 640 1128 ubi
658 1093 800 1130 maxumus
819 1076 900 1131 Atlas

108 1155 198 1206 Axem
217 1153 330 1206 humero
348 1155 460 1220 torquet
479 1152 566 1205 stellis
585 1151 747 1206 ardentibus
765 1157 873 1221 aptum:

109 1230 180 1282 Hinc
198 1229 263 1281 mihi
283 1229 417 1296 Massylae
435 1228 526 1294 gentis
544 1232 695 1281 monstrata
713 1229 845 1294 sacerdos,

108 1305 294 1373 Hesperidum
312 1305 408 1371 templi
427 1308 525 1370 custos,
545 1304 694 1371 epulasque
713 1305 824 1357 draconi

108 1382 184 1445 Quae
202 1381 287 1434 dabat
305 1384 334 1433 et
353 1397 443 1432 sacros
462 1380 589 1432 servabat
607 1380 635 1432 in
654 1380 751 1433 arbore
769 1398 866 1448 ramos,
925 1397 960 1433 aa

108 1460 245 1526 Spargens
264 1455 377 1508 humida
395 1455 475 1508 mella
488 1457 723 1524 soporiferumque
741 1474 866 1526 pulsarer.

109 1535 186 1588 Haec
203 1551 232 1586 se
250 1533 414 1586 carminibus
430 1533 569 1600 premittit
588 1533 693 1585 solvere
711 1539 827 1600 mentes,

108 1613 180 1676 Quas
198 1610 273 1677 velit,
291 1613 334 1662 ast
351 1609 411 1661 aliis
429 1609 511 1662 duras
529 1609 669 1662 inmittere
687 1627 779 1675 curas;

108 1687 211 1740 Sisterc
229 1703 327 1756 aquam
347 1685 442 1750 fluviis,
460 1689 489 1738 et
507 1689 615 1738 uertere
635 1685 725 1739 sidera
743 1690 832 1750 retro;

108 1763 317 1832 Nocturnosquc
336 1763 391 1815 ciet
409 1763 513 1826 Manis;
532 1762 636 1828 mugire
654 1761 760 1814 videbis
925 1777 961 1813 aso

108 1831 164 1893 Sub
182 1841 299 1909 pedibus
317 1843 427 1904 terram,
446 1841 475 1890 et
493 1837 659 1890 descendere
677 1837 814 1890 mentibus
832 1851 918 1890 ornos.

107 1917 212 1982 Testor,
232 1933 302 1980 cara,
322 1915 388 1967 deos
406 1917 435 1966 et
453 1916 489 1980 te,
507 1929 644 1979 germana,
665 1916 797 1980 tuumque

109 1994 194 2046 Dulce
214 1995 303 2060 caput,
322 1990 441 2057 magicas
458 1989 569 2041 inritam
589 1989 723 2056 accingier
740 1989 814 2042 artis.

108 2070 149 2122 Tu
166 2073 272 2122 secreta
289 2082 384 2135 pyram
401 2068 475 2119 tecto
493 2064 623 2118 interiore
641 2064 692 2118 sub
710 2081 789 2118 auras

109 2146 198 2213 Erige,
217 2149 246 2198 et
264 2160 339 2197 arma
358 2143 416 2210 viri,
435 2142 554 2196 thalamo
572 2158 643 2210 quae
661 2142 715 2194 lixa
733 2141 846 2209 reliquit
926 2156 961 2192 aa

109 2222 220 2291 Impius,
239 2222 404 2288 exuviasque
422 2221 516 2288 omnis,
534 2219 690 2287 lectumque
708 2218 832 2286 iugalem,

109 2297 168 2362 Quo
186 2299 264 2366 perii,
282 2298 509 2367 superinpouant:
530 2295 639 2350 abolere
657 2295 766 2348 nefandi

108 2374 214 2428 Cuncta
231 2375 282 2427 viri
300 2377 477 2426 monumenta
494 2373 577 2439 iuvat,
597 2375 785 2438 monstratque
804 2368 937 2422 sacerdos.

111 2451 187 2504 Haec
205 2452 287 2505 effata
305 2451 382 2514 silet;
402 2449 489 2517 pallor
506 2449 587 2501 simul
604 2451 719 2515 occupat
736 2463 790 2498 ora.

110 2527 172 2582 Non
190 2531 281 2582 tamen
302 2529 383 2578 Anna
400 2525 476 2578 novis
494 2527 657 2592 praetexere
675 2523 771 2575 funere
790 2521 874 2574 sacris
927 2535 962 2572 see

109 2605 272 2657 Germanam
290 2602 386 2668 credit,
405 2603 564 2654 nectentes
582 2602 673 2652 mente
690 2598 796 2650 furores

110 2680 242 2748 Concipit,
260 2683 308 2733 ant
325 2679 450 2746 graviora
467 2677 555 2742 timet,
575 2691 657 2744 quam
676 2677 764 2727 morte
783 2673 902 2742 Sychaei.

111 2757 183 2824 Ergo
201 2757 273 2810 iussa
292 2760 377 2824 parat.

146 2835 185 2886 At
204 2835 304 2901 regina,
323 2849 389 2900 pyra
408 2829 542 2899 penetrali
561 2830 588 2881 in
608 2828 673 2882 sede
692 2827 743 2880 sub
762 2843 842 2880 auras

112 2910 210 2962 Ereeta
227 2909 336 2978 ingenti·
348 2907 437 2962 taedis
455 2911 540 2973 atque
558 2906 619 2958 ilice
638 2909 719 2974 secta,
929 2917 964 2956 50⁵

112 2986 290 3055 Intenditque
309 2987 397 3039 lecum
416 2983 497 3036 sertis
516 2986 545 3036 et
563 2982 660 3035 fronde
678 2983 790 3034 coronat

112 3062 251 3128 Funerea;
273 3079 355 3132 super
372 3061 483 3115 exuvies
501 3076 648 3128 ensemque
665 3058 791 3111 relietum

112 3140 289 3209 Effigiemquo
308 3145 369 3193 toro
387 3139 466 3203 locat,
484 3137 558 3190 haud
577 3136 672 3204 ignara
690 3133 782 3187 futuri.

112 3215 193 3270 Stant
210 3233 274 3270 arae
292 3217 399 3281 circum,
419 3217 448 3269 et
466 3214 548 3267 crinis
566 3213 651 3266 effusa
669 3208 795 3264 sacerdos
