2290 3568
410 153 594 202 AENEIDOS
612 152 679 201 LIB.
698 154 747 200 IX,
962 152 1009 198 249

164 234 315 290 Admonuit
333 237 438 290 ratibus
456 235 539 289 sacris
558 235 696 303 depellere
714 235 817 289 taedas.

165 311 218 363 Hie
235 312 352 379 primum
370 330 439 365 nova
456 313 503 364 lux
521 311 606 364 oculis
624 311 733 376 offulsit,
752 316 781 364 et
798 313 894 380 ingens
976 326 1012 364 no

165 387 246 439 Visus
264 388 299 440 ab
319 393 425 442 Aurora
443 388 546 442 eaelum
565 391 752 440 transcurrere
771 387 886 448 nimbus,

166 453 295 532 Idaeique
313 465 403 530 chori;
421 469 480 518 tum
498 481 549 516 rex
567 463 704 516 horrenda
722 481 772 532 per
789 480 869 516 auras

164 539 273 592 Excidit
291 545 320 596 et
338 541 436 593 Troum
456 541 674 607 Rutulorumque
692 541 801 608 agmina
818 539 941 606 conplet:

164 615 206 668 Ne
225 617 364 684 trepidate
381 633 462 680 meaa
481 617 585 683 Teucri,
604 615 752 670 defendere
771 617 855 682 naris,

164 691 240 745 Neve
258 696 362 746 armate
380 710 490 757 manus3
508 693 594 746 maria
611 699 676 746 ante
694 709 810 746 exurere
829 693 928 753 Turne,
976 707 1012 744 ns

96 822 98 826 ,
163 767 251 831 Quam
269 786 359 822 sacras
377 769 488 822 dabitur
505 769 593 837 pinus.
629 769 687 822 Vos
704 769 743 822 ite
762 769 872 834 solutae,

166 845 209 897 Ite
227 845 295 898 deae
313 845 416 912 pelagi,
433 845 559 912 genetrix
576 845 662 900 iubet.
700 845 736 898 nt
754 862 802 897 sna
820 861 946 912 quaeque

163 920 300 974 Continuo
318 937 423 989 puppes
441 921 607 988 abrumpunt
626 921 731 974 vincula
749 921 822 989 ripis,

164 995 385 1066 Delphinumque
402 996 484 1050 modo
502 996 633 1050 demersis
651 1014 770 1065 aequora
788 997 886 1050 rostris

164 1073 224 1126 Ima
241 1077 348 1143 petunt.
385 1073 458 1125 Hinc
476 1073 621 1140 virgineae,
639 1073 762 1126 mirabile
781 1079 940 1138 monstrum,
978 1089 1013 1126 rao

164 1150 297 1204 Reddunt
316 1167 345 1204 se
362 1149 479 1203 totidem
497 1149 587 1216 facies,
605 1154 745 1218 pontoque
763 1151 888 1204 feruntur

163 1226 248 1296 [Quot
264 1228 340 1296 prius
358 1231 467 1280 aeratae
486 1230 620 1280 steterant
638 1227 673 1280 ad
691 1227 772 1280 litora
790 1226 907 1296 prorae]¹

199 1304 364 1372 Obstipuere
383 1303 479 1356 animis
499 1303 609 1368 autum
627 1305 791 1358 conterritus
809 1305 867 1373 ipse

163 1380 291 1434 Tmbatis
309 1380 452 1447 Messapus
470 1380 562 1447 equis;
580 1385 723 1434 cunctatur
741 1384 770 1434 st
788 1381 874 1434 arnnis

164 1457 256 1510 Rauca
269 1474 373 1522 sonans,
386 1460 550 1524 revocatque
567 1457 665 1525 pedem
679 1457 822 1511 Tiberinus
835 1457 870 1511 ab
883 1458 946 1511 alto.
978 1474 1014 1511 ras

166 1535 204 1585 At
219 1550 272 1586 non
291 1533 387 1586 audaci
406 1533 497 1585 Turno
515 1533 615 1586 fidncia
633 1535 730 1598 cessit,

165 1609 243 1661 Ultro
261 1609 365 1660 animos
383 1609 456 1661 tollit
474 1608 563 1675 dictis,
580 1614 663 1676 atque
681 1609 805 1678 increpat
822 1612 909 1665 ultro:

164 1685 292 1738 Troianos
310 1684 376 1736 haec
394 1688 515 1736 monstra
533 1687 646 1752 petunt;
664 1684 706 1737 his
727 1686 851 1754 luppiter
869 1687 928 1754 ipse

166 1761 305 1813 Auxilium
324 1759 434 1812 solitum
454 1760 562 1828 eripuit,
581 1777 633 1812 non
652 1761 708 1814 tela
726 1779 814 1830 nequo
833 1763 903 1830 ignis

165 1837 332 1905 Exspectant
351 1836 477 1888 Rutulos.
512 1836 584 1904 Ergo
602 1837 688 1890 maria
705 1838 777 1891 inria
795 1839 912 1904 Teucris,
978 1856 1014 1894 rao

165 1912 189 1964 N
192 1929 222 1966 ec
239 1929 301 1978 spes
319 1912 375 1964 ulla
392 1913 488 1980 fugae;
507 1930 597 1966 rerum
617 1930 682 1981 pars
700 1913 788 1968 altera
806 1916 935 1986 adempta
956 1920 1013 1982 est,

164 1989 248 2042 Terra
265 1995 357 2041 antem
376 1989 403 2041 in
421 1989 522 2042 nostris
540 1989 681 2053 manibns;
699 1995 741 2044 tot
759 1993 840 2056 milia,
859 2000 955 2057 gentes

170 2067 252 2118 Arma
268 2066 361 2118 serunt
381 2065 474 2118 Italae.
510 2065 556 2117 Nil
575 2083 619 2118 me
638 2066 731 2118 satalia
749 2071 863 2134 terrent,

165 2143 191 2194 Si
212 2158 265 2208 qua
286 2141 405 2208 Phryges
423 2157 489 2208 prae
507 2158 536 2194 se
554 2142 663 2203 iactant,
683 2159 812 2209 responsa
830 2144 957 2198 deormn:

165 2219 213 2272 Sat
231 2217 295 2270 satis
315 2217 471 2284 Venerique
490 2217 593 2280 datum,
612 2217 729 2284 tetigere
748 2219 822 2286 qued
840 2237 905 2273 arva
985 2236 1020 2275 lat

167 2294 275 2347 Fertilis
295 2293 433 2347 Ausoniae
451 2293 543 2346 Troes.
581 2293 650 2346 Sunt
668 2301 697 2346 et
715 2311 775 2346 mea
792 2305 887 2349 eontra

167 2372 235 2424 Fata
253 2370 327 2437 mihi,
345 2369 419 2422 ferro
438 2369 597 2422 sceleratam
616 2371 776 2424 exscindere
794 2379 905 2439 gentem

166 2449 285 2514 Coniuge
304 2450 465 2514 praerepta;
484 2453 533 2498 nec
551 2446 622 2498 solos
641 2447 730 2514 tangit
750 2447 864 2502 Atridas

166 2525 224 2577 Istc
242 2523 325 2584 dolor,
344 2523 461 2590 solisque
480 2522 544 2576 licet
561 2539 659 2590 capere
677 2539 750 2576 arma
773 2525 898 2592 Mycenis.

166 2599 221 2653 Sed
239 2600 352 2667 periisse
372 2599 454 2652 semel
471 2599 538 2652 setis
556 2604 612 2652 est:
631 2617 742 2666 peccare
760 2602 856 2656 fuisset
978 2618 1014 2656 140

169 2678 241 2728 Ante
260 2677 333 2741 satis,
352 2675 460 2742 penitus
479 2676 558 2728 modo
577 2694 629 2729 non
647 2694 732 2744 genus
751 2694 830 2731 onme
847 2695 958 2746 perosos

169 2752 333 2804 Femineum.
370 2751 475 2814 Quibus
493 2751 559 2804 haec
578 2753 660 2806 medii
679 2753 778 2806 fiducia
795 2755 857 2806 valli

169 2829 367 2893 Fossarumque
385 2843 484 2892 morae,
504 2827 551 2879 loti
570 2828 725 2882 discrimina
743 2847 833 2897 parva,

169 2906 242 2958 liant
259 2903 368 2956 animos.
407 2907 445 2954 At
463 2920 514 2955 non
534 2904 662 2958 viderunt
681 2907 787 2959 moenia
805 2907 901 2960 Troiae

169 2978 290 3048 Neptuni
308 2977 438 3030 fabricata
457 2995 538 3030 manu
555 2979 694 3033 considere
713 2981 740 3032 in
758 2981 844 3048 igniat
978 2999 1012 3038 rra

169 3057 224 3112 Sed
242 3072 296 3120 vos,
315 3071 330 3105 o
349 3053 420 3120 lecti,
439 3055 511 3106 ferro
531 3056 591 3121 quis
609 3057 733 3110 scindere
751 3057 850 3110 vallum

170 3136 295 3203 Apparet
313 3134 341 3183 et
359 3147 464 3184 meeum
480 3132 583 3184 invadit
601 3133 769 3200 trepidantia
785 3135 891 3187 castra?

170 3212 229 3263 Non
247 3207 330 3259 armis
348 3207 412 3258 milri
434 3207 553 3274 i'oloani,
572 3224 624 3259 non
644 3209 717 3262 mille
734 3209 833 3261 carinis
