2266 3562
121 132 149 176 46
346 123 376 174 Ρ.
394 123 550 172 VERGILI
568 122 734 171 MARONIS

115 210 259 276 Ingentem
278 206 352 260 eaelo
371 206 490 259 sonitum
509 204 602 268 dedit3
620 204 684 258 inde
703 205 812 258 secutus

115 285 168 339 Per
186 301 275 338 ramos
295 283 380 336 victor
397 298 501 350 perque
519 281 576 334 alta
595 281 734 334 eacumina
751 285 856 350 regnat,

114 362 150 415 nt
168 366 257 416 tetum
275 359 389 412 involvit
407 358 524 412 flammis
541 375 645 426 nemus,
664 362 692 412 et
709 361 767 413 ruit
784 364 872 412 atram

114 439 162 492 Ad
180 439 285 492 caelum
302 436 380 504 picea
399 452 505 488 crassus
525 434 640 502 caligine
658 434 765 503 nubem,

115 514 280 569 Praesertim
299 513 321 565 si
341 516 491 581 tempestas
512 528 528 564 a
546 512 649 564 vertice
668 512 741 566 silvis
932 526 970 566 sio

115 592 251 659 Incubuit,
269 590 459 657 glomeratque
478 588 569 642 ferens
588 588 712 642 incendia
729 595 834 644 ventus.

115 668 175 720 Hoc
193 667 246 734 ubi,
265 683 319 718 non
337 683 353 718 a
373 667 459 734 stirpe
479 667 571 720 valent
590 682 742 734 caesaeque
758 667 859 720 revert'

115 744 233 797 Possunt
252 747 334 812 atque
353 743 408 796 ima
425 743 525 797 similes
545 743 711 796 revirescere
730 746 819 806 terra;

115 820 214 873 Infelix
232 823 344 888 superat
361 819 433 874 feliis
452 821 570 874 oleaster
588 819 693 872 amaris.

149 897 174 948 N
176 913 207 950 ce
219 896 270 950 tibi
283 900 339 949 tarn
352 896 473 965 prudens
489 897 633 965 quisquam
645 894 810 964 persuadeat
822 899 917 948 auctor
933 909 970 948 313

114 973 250 1026 Tellurem
269 973 357 1026 Borea
376 973 494 1041 rigidam
515 973 637 1041 spirante
654 989 769 1026 movere.

116 1049 190 1102 Rura
207 1050 272 1118 gelu
289 1052 354 1102 tunc
374 1049 477 1103 claudIt
496 1051 609 1118 hiemps,
631 1065 682 1102 nee
699 1049 801 1102 semine
819 1049 890 1102 iacto

115 1125 275 1179 Concretam
293 1127 398 1194 patitur
417 1126 537 1179 radicem
556 1125 677 1192 adfigere
695 1129 793 1178 terrae.

115 1201 235 1270 Optuma
252 1202 351 1255 vinetis
371 1203 447 1270 satio,
468 1219 528 1255 curn
547 1219 611 1256 vere
629 1201 740 1254 rubenti

115 1278 238 1332 Candida
255 1279 331 1332 venit
350 1280 408 1332 avis
426 1279 513 1347 longis
533 1280 619 1332 invisa
637 1278 761 1346 colubris,
934 1293 972 1333 aaa

116 1354 208 1408 Prima
224 1355 266 1408 vel
284 1357 407 1408 autumni
429 1355 479 1410 sub
499 1357 607 1424 frigora,
628 1372 689 1408 curn
708 1355 819 1422 rapidus
837 1355 883 1408 Sol

116 1429 244 1484 Nondum
255 1432 372 1485 hiemem
388 1433 521 1500 contingit
537 1433 621 1501 equis,
638 1431 692 1484 iam
704 1431 837 1499 praeterit
849 1436 946 1487 aestas.

116 1507 173 1562 Ver
191 1508 260 1562 adeo
278 1509 368 1562 frondi
389 1526 537 1577 nemorum,
561 1527 608 1562 ver
627 1509 695 1561 utile
714 1507 795 1576 silvis,

116 1585 189 1638 Vere
207 1589 316 1640 tument
335 1589 425 1640 terrae
447 1589 476 1640 et
494 1587 625 1654 genitalia
644 1585 747 1638 semina
764 1589 885 1652 poscunt.

115 1662 183 1715 Tum
201 1667 281 1730 pater
292 1664 462 1732 omnipotens
485 1663 608 1717 fecundis
629 1661 761 1714 imbribus
780 1662 886 1715 Aether
936 1677 973 1716 aas

116 1738 244 1806 Coniugis
261 1739 290 1792 in
307 1741 443 1808 gremium
461 1741 551 1794 laetae
573 1739 721 1806 deseendit,
739 1743 770 1795 et
787 1739 873 1791 omnis

116 1814 232 1882 Magnus
251 1816 306 1884 alit,
326 1834 423 1884 magno
446 1817 608 1870 commixtus
628 1833 748 1883 corpore,
767 1815 846 1868 fetus.

116 1890 187 1943 Avia
204 1893 264 1944 tum
281 1897 410 1946 resonant
430 1894 525 1946 avibus
547 1893 665 1960 virgulta
683 1892 795 1958 canoris

118 1967 152 2020 nt
171 1967 307 2021 Venerem
326 1970 410 2022 certis
429 1972 560 2038 repetunt
580 1973 705 2022 armenta
723 1968 836 2034 diebus;
908 1981 914 1992 ·

117 2043 240 2097 Parturit
259 2045 345 2098 almus
364 2062 436 2114 ager,
461 2045 633 2114 Zephyrique
652 2045 811 2114 tepentibus
829 2048 902 2098 auris
937 2060 974 2098 aso

118 2121 223 2173 laxant
241 2137 306 2174 arva
324 2121 414 2188 sinus;
436 2126 547 2191 superat
567 2126 647 2176 tener
665 2123 790 2175 omnibus
807 2123 921 2187 hum0r;

117 2197 205 2264 Inque
223 2214 306 2251 novos
325 2198 395 2252 soles
414 2199 516 2254 audent
535 2217 564 2253 se
582 2199 705 2268 gramina
723 2202 783 2252 tuto

117 2273 251 2339 Credere3
269 2291 320 2328 nec
337 2277 437 2330 metuit
460 2277 597 2344 surgentis
615 2275 759 2345 pampinus
776 2281 883 2328 austros

118 2351 177 2404 Aut
194 2355 285 2404 aetum
303 2351 377 2405 caelo
398 2353 504 2420 magnis
525 2352 696 2420 aquilonibus
714 2351 838 2418 imbrem,

117 2427 173 2480 Sed
191 2428 280 2482 trudit
298 2445 419 2496 gemmas
441 2432 470 2482 et
488 2427 599 2484 frondes
622 2429 740 2498 explicat
758 2429 851 2482 omnis.
940 2444 975 2482 335

118 2503 179 2556 Νοιι
197 2504 263 2556 alios
281 2506 369 2573 prIma
388 2506 537 2560 crescentis
559 2506 664 2574 origine
682 2504 776 2558 mundi

119 2578 253 2633 inluxisse
273 2580 332 2634 dies
351 2580 467 2635 aliumve
487 2582 615 2636 habuisse
635 2586 758 2636 tenorem

118 2656 302 2712 Crediderim:
322 2675 371 2711 ver
388 2658 456 2712 illud
476 2662 544 2727 erat,
563 2676 611 2712 ver
628 2675 742 2725 magnus
759 2658 860 2726 agebat

119 2733 206 2800 Orbis,
227 2737 256 2788 et
274 2735 395 2788 hibernis
414 2735 565 2804 parcebant
586 2735 698 2788 flatibus
717 2735 795 2787 Euri:

119 2810 188 2864 Cum
206 2812 311 2880 primae
330 2811 418 2864 lucem
436 2811 556 2880 pecudes
577 2811 700 2876 hausere,
719 2811 863 2878 virumque
941 2823 978 2861 aso

122 2885 224 2940 Ilerrea
242 2889 386 2955 progenies
407 2887 482 2940 duris
503 2889 584 2954 caput
604 2887 703 2940 extulit
722 2887 800 2954 arvis,

123 2963 310 3031 Inmissaeque
329 2963 404 3017 ferae
424 2963 498 3015 silvis
518 2966 546 3016 et
566 2962 657 3015 sidera
676 2963 757 3016 caelo.

121 3039 180 3094 Nec
198 3057 242 3094 res
260 3041 331 3094 hune
349 3044 462 3094 tenerae
480 3043 593 3108 possent
611 3039 735 3107 perferre
753 3039 884 3109 laborem,

121 3117 221 3170 Sinon
240 3120 319 3170 tanta
338 3117 417 3185 quies
435 3115 489 3168 iret
506 3115 648 3184 frigusque
667 3116 839 3184 caloremque

125 3193 207 3259 Inter,
228 3196 257 3246 et
275 3191 416 3260 exciperet
434 3189 501 3244 caeli
520 3189 691 3258 indulgentia
709 3195 803 3245 terras.
942 3205 978 3248 aas
