2266 3562
104 161 118 206 6
336 165 364 210 Ρ.
382 161 538 211 VERGILI
556 159 723 210 MARONIS

104 237 240 309 Excipere
257 241 370 306 insidiis,
390 241 505 295 multum
523 241 643 296 latrante
662 241 791 310 Lycisca?

103 313 140 368 llt
158 333 220 370 eum
237 317 399 371 clamarem:
420 316 480 380 Quo
499 333 569 370 nune
587 333 616 370 se
634 318 751 387 proripit
768 321 834 376 illel

104 391 203 460 Tityre,
223 410 289 461 coge
307 409 408 461 pccas;
425 399 457 447 tu
475 397 539 462 post
557 399 664 448 carecta
682 395 792 450 latebas.
941 398 961 439 ἲ*

103 468 141 522 D.
160 471 206 523 Au
223 469 289 524 mihi
308 470 443 523 cantando
461 472 549 524 vietus
566 487 620 523 non
639 471 770 526 redderet
787 473 841 542 ille,

104 545 191 610 Quem
209 563 270 601 mea
287 547 453 600 carminibus
471 547 617 601 meruisset
636 547 729 601 fistula
746 552 880 618 caprum?

103 621 130 675 Si
150 624 245 690 neseis,
263 639 341 678 meus
357 623 405 677 ille
422 639 504 693 caper
521 624 637 688 fuit3-et
655 625 721 677 milri
740 625 845 680 Damon

104 699 168 768 Ipse
184 700 344 766 fatebatur;
362 701 412 754 sed
430 699 548 754 reddere
566 717 646 769 posse
663 701 789 768 negabat.

101 776 143 829 M.
157 777 299 831 Cantando
311 782 342 831 tu
354 778 448 832 illumi
466 781 514 831 :rut
528 793 655 846 umquam
668 778 720 832 tibi
732 779 824 834 fistula
835 797 898 834 cora
938 794 963 834 ra

104 853 202 907 Iuncta
219 853 293 908 fuiti
312 871 365 906 non
384 855 460 908 tuin
479 854 574 919 trimis,
593 854 711 925 indocto,
728 856 833 910 solelms

102 928 238 982 Stridenti
256 931 385 984 miserum
405 931 506 1000 stipula
524 930 687 999 disperdere
705 935 832 988 carmenl

104 1005 140 1058 D.
158 1005 208 1059 Vis
227 1023 299 1075 ergo,
318 1008 391 1060 inter
410 1025 465 1074 uos,
485 1008 552 1076 quid
570 1010 657 1076 possit
675 1013 800 1078 uterque,
818 1011 936 1066 vicissim

105 1083 284 1153 Experiamur
293 1087 303 1138 l
322 1101 373 1152 ogo
390 1085 460 1138 lianc
479 1085 661 1140 vitulam—ne
679 1087 750 1140 forte
769 1105 884 1156 recuses,

105 1159 150 1213 Bis
168 1163 243 1214 venit
261 1160 296 1213 ad
314 1161 466 1227 mulctram,
484 1161 562 1215 binos
580 1163 630 1216 alit
648 1162 732 1215 ubere
751 1164 857 1217 setus·
936 1179 960 1219 to

104 1236 232 1306 Depone:
251 1242 282 1291 tu
300 1237 352 1304 (lie,
370 1253 475 1292 meeum
495 1254 548 1306 quo
566 1239 677 1306 pignore
695 1244 791 1294 certes.

105 1313 144 1366 M.
164 1314 206 1368 De
223 1331 308 1382 grege
327 1331 378 1367 nou
397 1315 483 1367 ausim
503 1314 648 1382 quicquam
667 1314 805 1382 deponere
823 1324 931 1371 tecum:

105 1390 154 1444 Est
172 1391 237 1443 mihi
256 1407 373 1460 namque
392 1391 464 1444 ‹lonri
484 1394 570 1458 pater,
588 1393 632 1444 est
649 1391 751 1444 iniusta
767 1407 899 1458 noverea;

107 1467 206 1536 Bisque
225 1467 269 1520 die
287 1472 431 1520 numerant
450 1467 530 1520 ambo
548 1483 639 1535 pecus,
656 1466 727 1521 alter
744 1472 773 1520 et
791 1468 900 1522 haedos.

106 1543 215 1612 Verum,
232 1544 262 1596 id
280 1543 354 1612 quod
373 1543 459 1596 inulto
477 1547 538 1596 tute
555 1544 615 1612 ipsa
633 1542 755 1596 fatebere
773 1544 867 1612 maius,
935 1562 960 1601 ae

105 1621 227 1674 lusanire
245 1621 312 1674 libet
330 1622 458 1688 quoniam
477 1619 536 1686 tibi,
554 1619 766 1690 poeulu'pouam

106 1697 213 1766 Fagina,
232 1699 364 1752 coelatum
384 1697 468 1750 divini
488 1713 555 1765 opus
575 1696 791 1752 Alcimedontis:

105 1774 191 1828 Lenta
209 1773 306 1842 quibus
325 1777 404 1827 torno
423 1774 495 1827 sacili
515 1773 693 1840 superaddita
711 1774 775 1826 vitis

105 1849 221 1903 Dillusos
239 1849 340 1903 hodera
358 1849 441 1902 vestit
459 1849 577 1916 pallente
595 1849 742 1917 corymbos.

104 1927 137 1980 In
154 1925 244 1979 medio
262 1925 315 1978 ‹luo
332 1926 416 1993 signa,
436 1925 536 1992 Conon,
554 1926 679 1994 et—quis
697 1927 750 1980 fuit
767 1927 845 1996 altor,
936 1950 961 1988 «ι

104 2002 253 2070 Descripsit
271 2002 347 2054 radio
365 2007 454 2055 totum
474 2002 520 2071 qui
538 2002 666 2070 gentibus
684 2003 787 2071 orbem,

22 2115 24 2118 -
103 2079 234 2147 Tempore
251 2096 320 2147 quae
339 2095 449 2143 messor,
469 2095 538 2148 quoe
553 2096 654 2136 ,curvus
672 2084 764 2134 arator
781 2081 915 2138 liaberet!

103 2155 225 2208 Necdum
244 2155 297 2208 illis
314 2156 390 2209 labra
409 2154 524 2222 admovi,
544 2155 593 2210 sed
611 2158 720 2211 condita
739 2173 823 2212 servo.

102 2233 138 2286 D.
157 2233 193 2286 Et
212 2231 288 2285 nobis
307 2233 378 2286 idem
400 2231 560 2285 Alcimedon
579 2231 634 2285 due
652 2234 747 2302 poeula
764 2234 836 2301 iecit,

101 2309 136 2362 Et
154 2308 228 2362 molli
246 2309 347 2362 circum
365 2313 408 2362 est
426 2325 505 2362 ansas
523 2310 664 2377 amplexus
682 2311 804 2377 acantho,
935 2328 959 2368 ⁴⁵

101 2385 266 2455 Orpheaque
284 2385 312 2437 in
330 2385 421 2438 medie
439 2387 530 2453 posuit
547 2385 683 2454 silvasque
702 2388 847 2456 sequentis.

100 2462 298 2525 Necdumillis
317 2461 394 2516 labra
414 2461 530 2528 admovi,
549 2461 598 2514 sed
616 2463 725 2516 condita
744 2480 829 2516 servo.

100 2540 129 2594 Si
147 2539 182 2593 ad
201 2540 312 2594 vitrdam
334 2543 449 2608 spectus,
469 2539 537 2592 nihil
556 2545 606 2605 est,
625 2538 699 2607 quod
717 2540 813 2608 poeula
829 2541 931 2596 laudes.

100 2616 140 2669 M.
150 2616 296 2686 Nunquam
307 2617 390 2670 hodie
403 2616 518 2684 effugies
526 2637 532 2682 ;
541 2615 657 2684 veniam,
669 2632 838 2685 quocumque
847 2617 957 2672 vocaris.

101 2693 206 2747 Audiat
217 2694 284 2747 haee
297 2692 486 2748 tantum-vel
502 2693 548 2762 qui
561 2693 644 2759 venit,
657 2709 725 2756 ecoe,
740 2693 892 2747 Palaemon.
933 2709 956 2747 aa

99 2770 219 2824 Efficiam
237 2771 350 2840 posthac
370 2788 404 2826 ne
424 2786 588 2839 quemquam
611 2787 674 2823 voce
693 2771 815 2824 lacessas.

98 2847 136 2900 D.
154 2848 224 2912 Quin
237 2865 295 2916 age,
309 2848 332 2900 si
346 2847 413 2915 quid
425 2847 518 2913 habeo,
532 2846 561 2898 in
574 2863 619 2899 me
632 2863 708 2900 mora
721 2861 774 2900 non
787 2847 840 2900 orit
853 2847 913 2914 ulla,

99 2923 157 2976 Nec
174 2941 338 2994 quemquam
358 2924 449 2992 fugio:
467 2926 583 2989 tontum,
602 2922 688 2977 vicine
711 2922 864 2990 Paianion,

98 3000 226 3053 Sensibus
246 3001 313 3054 llaec
331 3001 401 3068 imis,
419 3017 464 3053 ros
482 3002 595 3054 estnon
613 3015 705 3068 parva,
725 3016 848 3067 reponas.

98 3075 135 3131 Ρ.
150 3077 247 3142 Dicito,
262 3077 484 3147 quandoquidem
497 3077 524 3129 in
537 3075 612 3129 molli
625 3076 796 3130 consedimus
810 3074 901 3130 herba.
931 3089 957 3126 aa

176 3170 223 3207 ''nc
241 3156 328 3208 omnis
346 3172 420 3223 ager,
438 3171 510 3208 nune
527 3153 614 3206 omnis
632 3153 751 3222 parturit
769 3151 869 3218 arbos3

204 3230 322 3286 ···0nd0nt
339 3230 441 3295 silvae;
457 3246 530 3286 nunc
547 3229 756 3284 formosissimus
774 3243 866 3281 annus
