2266 3562
122 197 153 244 le
356 196 384 245 P.
405 197 558 248 VERGILI
576 199 742 251 MARONIS

123 277 289 345 Chaoniique
307 277 392 343 patris
409 278 537 346 glandes3
555 281 637 334 etiam
654 283 741 336 ardua
757 285 848 351 palma

122 354 257 420 Nascitur,
277 357 305 406 et
323 369 401 407 casus
418 355 493 410 abies
511 357 601 410 visura
619 359 742 414 marines.

122 429 256 482 Inseritur
275 445 338 482 vere
357 434 385 484 et
402 432 461 484 fetu
478 433 554 485 nucis
572 433 686 488 arbutus
704 436 822 504 horrida,

121 506 159 560 ut
177 506 282 559 steriles
300 507 402 574 platani
419 509 503 562 malos
521 527 630 577 gessere
648 513 776 580 valentis;
949 529 974 572 ro

121 583 272 636 Castanoae
291 584 375 652 fagus,
395 602 531 654 ornusque
549 587 669 642 incanuit
687 589 749 643 albe

122 661 202 716 Floro
220 663 278 730 piri,
298 662 481 732 glandemque
500 680 561 716 sues
579 665 686 734 fregere
705 666 756 720 snb
774 667 860 720 ulmis.

157 740 178 792 N
183 757 213 793 cc
232 739 328 792 modus
346 740 466 792 inserere
484 744 567 808 atque
584 742 675 796 oeulos
692 743 822 812 inponere
840 743 959 812 simplex!

120 817 198 883 Nam,
217 833 316 886 quase
334 816 424 870 medie
442 816 558 870 trudunt
576 817 611 870 de
629 821 728 874 cortice
745 835 869 887 gemmae

121 894 157 947 ut
174 894 264 947 tenuis
282 897 413 962 rumpunt
430 894 544 960 tunicas,
563 899 695 962 angustus
712 897 739 948 in
757 897 816 964 ipso
950 909 974 947 vs

120 970 165 1024 llit
183 970 256 1023 nudo
276 970 362 1023 sinus:
382 969 435 1022 huc
453 970 540 1024 aliena
559 987 593 1023 ex
611 971 709 1025 arbore
726 989 840 1040 germen
975 1036 980 1042 .

121 1047 275 1113 Includunt,
295 1045 405 1114 udoque
423 1045 523 1098 docent
541 1047 689 1101 inolescere
706 1048 782 1102 libro.
915 1045 918 1050 ’

120 1126 178 1176 Aut
195 1140 304 1176 rursum
323 1121 424 1176 enodes
441 1123 531 1175 trunci
549 1128 715 1192 resecantur,
733 1129 762 1178 et
779 1125 833 1178 alte

120 1199 245 1253 Finditur
262 1200 291 1252 in
310 1198 425 1252 solidum
443 1199 536 1252 carneis
554 1201 604 1267 via,
623 1200 723 1255 deinde
740 1202 841 1256 feraces

121 1276 233 1330 Plantae
245 1277 435 1330 inmittuntur:
454 1292 504 1328 nec
516 1275 625 1344 longum
637 1282 753 1346 tempus,
766 1282 796 1331 et
807 1279 901 1345 ingens
948 1292 973 1330 se

121 1352 193 1407 llxiit
210 1354 245 1407 ad
263 1353 367 1408 caelum
385 1353 468 1405 ramis
486 1353 607 1406 felicibus
625 1355 713 1422 arbos,

121 1423 290 1499 Miraturque
309 1445 392 1482 novas
410 1428 519 1482 frondes
538 1434 567 1482 et
585 1447 638 1484 non
657 1449 705 1485 sna
722 1447 808 1502 poma.

155 1507 302 1560 Praeterea
319 1522 405 1574 genus
424 1504 498 1558 haud
516 1525 607 1575 unum,
625 1526 675 1562 nee
692 1508 809 1561 sortibus
827 1508 913 1573 ulmis,

120 1583 178 1637 Nee
196 1583 269 1636 salici
287 1582 405 1650 letoque,
424 1599 512 1651 neque
533 1584 625 1638 Idaeis
643 1585 800 1653 cyparissis;

121 1659 177 1713 Nec
194 1661 308 1728 pingues
327 1675 407 1712 unam
426 1659 453 1710 in
471 1659 567 1712 faeiem
586 1665 734 1714 naseuntur
751 1660 843 1726 olivae,
949 1673 974 1710 ss

121 1736 266 1802 Orchades,
285 1739 314 1790 et
332 1735 408 1801 radii,
428 1741 456 1788 et
475 1753 567 1790 amara
584 1739 679 1807 pausia
696 1737 770 1805 baca,

122 1807 256 1882 Pomaque
275 1817 304 1866 et
326 1813 430 1866 Alcinoi
449 1814 546 1879 silvae;
564 1832 614 1871 nec
633 1816 755 1869 surculus
772 1814 845 1867 idem

121 1890 282 1944 Crustumiis
301 1889 438 1962 Syriisque
456 1890 521 1957 piris
540 1891 720 1960 gravibusque
740 1891 855 1944 volemis

121 1959 181 2018 Non
200 1966 295 2020 eadem
314 1966 457 2020 arboribus
475 1967 578 2034 pendet
596 1969 731 2023 vindemia
749 1967 855 2034 nostris,

121 2043 207 2106 Quam
227 2043 419 2110 Methymnaeo
438 2044 525 2110 carpit
544 2043 579 2097 de
597 2047 709 2112 palmite
728 2045 845 2108 Lesbos;
950 2054 976 2093 so

121 2119 189 2173 Sunt
208 2120 321 2173 Thasiae
339 2121 415 2188 vites,
434 2125 546 2175 suntet
565 2122 732 2178 Mareotides
750 2122 834 2188 albae,

121 2196 269 2264 l’inguibus
287 2197 339 2251 hae
357 2198 438 2250 terris
456 2197 568 2266 habiles,
587 2200 732 2254 levioribus
749 2200 825 2262 illae;

119 2273 157 2346 'lit
174 2291 253 2342 passo
273 2274 377 2327 Psithia
394 2275 493 2345 utilior,
512 2280 656 2346 tenuisque
677 2278 788 2346 Lageos,

121 2349 296 2420 Temptatura
314 2352 399 2420 pedes
417 2353 480 2405 olim
499 2353 675 2422 vincturaque
693 2355 826 2422 linguam

121 2425 284 2495 Purpureae,
303 2428 480 2496 preciaeque;
499 2434 527 2482 et
546 2447 599 2499 quo
618 2436 647 2485 te
665 2432 784 2484 carmine
802 2430 897 2492 dimin,
952 2443 975 2480 so

121 2502 269 2558 Rhaetica?
287 2521 337 2558 nec
355 2504 430 2557 cellis
447 2504 509 2558 ideo
528 2508 663 2561 contende
683 2508 811 2562 Falernis.

121 2579 190 2634 Sunt
208 2585 236 2634 et
256 2581 404 2635 Aminaeae
422 2583 499 2650 vites,
517 2584 670 2638 firmissima
687 2586 754 2653 vina,

120 2656 239 2711 Tmolius
257 2659 380 2727 adsurgit
400 2661 498 2728 quibus
516 2665 545 2716 et
562 2679 611 2716 rex
629 2664 687 2732 ipso
708 2663 863 2734 Phanaeus;

122 2733 280 2802 Argitisque
298 2737 392 2800 minor,
410 2738 452 2790 eui
471 2755 523 2791 non
543 2741 689 2792 certaverit
708 2739 761 2792 ulla

123 2811 179 2864 Aut
198 2815 305 2866 tantum
323 2812 408 2866 fluere
426 2819 474 2867 aut
491 2816 608 2869 tetidem
628 2816 727 2869 durare
745 2832 794 2883 per
812 2831 903 2869 annes.
941 2828 977 2866 roe

121 2887 183 2939 Non
201 2905 251 2955 ego
269 2892 306 2957 te,
325 2890 373 2943 Dis
392 2894 421 2944 et
438 2893 538 2944 mensis
556 2896 667 2960 accepta
685 2892 816 2958 secundis,

122 2961 292 3032 'transierim
312 2967 426 3034 Rhodia,
446 2971 475 3021 et
492 2969 611 3035 tumidis,
632 2969 772 3036 Bnmaste,
792 2970 910 3022 meemis.

122 3037 176 3095 seu
189 3057 283 3111 neque,
297 3060 378 3111 quarn
391 3045 493 3096 multae
506 3045 616 3112 species,
629 3062 686 3111 nee,
699 3046 808 3098 nemina
820 3061 889 3112 quae
902 3045 964 3112 sint,

123 3113 173 3168 list
190 3135 333 3184 numerus;
351 3136 439 3186 neque
458 3121 529 3172 enim
547 3137 660 3173 numero
675 3120 862 3189 conprendere
877 3121 977 3186 refert3

124 3189 210 3265 Quem
229 3195 275 3261 qui
293 3196 363 3248 seire
381 3195 453 3258 velit,
473 3195 565 3263 Libyci
584 3196 649 3249 velit
666 3198 791 3264 aequoris
808 3197 881 3250 idem
942 3213 977 3251 10⁵

142 3265 156 3278 '⁴
166 3284 234 3322 aare
252 3287 334 3338 quam
351 3270 454 3323 multae
473 3271 596 3339 Zephyro
613 3271 760 3327 turbentur
776 3290 883 3338 arenae,
