2268 3570
407 155 589 204 AENEIDOS
606 156 676 206 LIB.
696 156 761 206 XII.
971 159 1000 204 aa

167 233 283 302 Occidit,
301 235 487 305 occideritque
506 237 578 290 sinas
596 253 658 290 eum
676 237 784 291 nomine
803 237 888 292 Troia

167 312 221 366 ossi
239 312 384 366 subridens
402 313 541 366 hominum
561 329 706 382 rerumque
724 317 863 382 repertor:

164 387 203 440 Es
219 406 349 457 germana
368 389 441 442 Iovis
455 391 620 458 Saturnique
638 389 724 443 altera
741 390 844 458 proles:
978 405 1014 444 sao

166 465 273 518 Irarum
292 470 384 520 tantos
403 465 556 520 volvis'sub
574 470 685 535 pectore
703 466 815 520 fluctus!

167 541 268 596 Verum
287 561 337 611 age
356 548 383 598 ct
403 545 540 613 inceptum
559 543 662 596 frustra
680 542 812 596 submitte
829 542 962 598 fauorem:

164 617 214 686 Do,
233 621 307 688 quod
324 621 372 688 vis,
391 624 420 674 et
438 637 482 674 me
499 621 641 688 rictusque
659 619 806 688 volensque
824 619 942 674 remitto.

164 695 321 750 Sermonem
341 697 457 750 Ausonii
475 697 593 764 patrium
613 712 757 763 moresque
774 694 913 761 tenebunt

164 771 258 842 thue
276 776 329 838 est,
337 789 435 826 nomen
453 773 522 838 erit;
545 773 685 826 commixti
703 788 815 840 corpore
832 775 940 826 tanturn
975 785 1011 826 555

164 847 311 903 Subsident
330 849 579 914 reuera-morem
598 849 722 918 ritusque
740 863 879 901 sacrorum

165 923 500 993 Adiiciam;-faciamque
518 925 605 978 omnis
623 941 677 978 uno
695 941 742 978 ore
760 923 879 978 Latinos.

165 999 235 1054 Hine
252 1017 337 1068 genus
357 1001 478 1054 Ausonio
495 1000 611 1053 mixtum
630 1000 703 1068 quod
723 1000 852 1066 sanguiue
871 1003 972 1068 surget,

162 1073 249 1144 Supra
267 1075 397 1143 homines,
410 1093 492 1145 supra
509 1077 550 1130 ire
568 1076 634 1129 deos
652 1077 755 1144 pietate
776 1075 889 1144 videbis,

162 1150 219 1206 Nee
236 1169 302 1220 gens
320 1153 376 1205 ulla
393 1155 455 1206 tuos
473 1169 560 1220 aeque
578 1151 728 1206 celebrabit
745 1152 868 1206 honores.
974 1167 1010 1204 sio

162 1227 269 1282 Adnuit
281 1229 325 1282 his
344 1229 421 1296 que,
440 1233 470 1282 et
487 1232 607 1282 mentem
625 1229 728 1282 laetata
745 1229 864 1282 retorsit.

161 1303 273 1358 Interea
290 1305 399 1359 excedit
416 1305 497 1372 caelo,
515 1304 671 1374 nubemque
690 1305 828 1373 relinquit.

195 1381 248 1434 His
265 1383 333 1436 actis
351 1381 425 1434 alind
445 1382 559 1435 Genitor
578 1397 669 1435 seeum
687 1382 746 1449 ipse
764 1381 876 1448 volutat,

161 1455 359 1525 luturnamque
377 1463 455 1526 parat
474 1457 567 1510 fratris
586 1457 726 1511 dimittere
744 1456 779 1510 ab
798 1457 887 1510 armis.

159 1530 293 1586 Dicuntur
310 1535 435 1602 geminae
453 1538 545 1602 pestes
563 1533 722 1600 cognomine
742 1532 832 1598 Dirae,
971 1547 1008 1586 545

159 1606 232 1670 Quas
251 1615 280 1663 et
299 1609 457 1662 Tartaream
476 1609 501 1661 N
504 1625 538 1661 ox
551 1609 716 1676 intempesta
735 1608 891 1675 Megaeram

159 1683 219 1737 Une
238 1685 390 1754 eodemque
407 1685 472 1738 tulit
490 1687 577 1752 partu,
596 1683 762 1752 paribusque
780 1684 898 1737 revinxit

157 1759 320 1830 Serpentum
339 1761 426 1830 spiris,
445 1765 625 1828 ventosasque
643 1759 751 1812 addidit
769 1759 841 1813 alas:

158 1836 219 1890 Hae
238 1837 313 1890 Iovis
330 1837 366 1890 ad
385 1837 481 1890 solium
501 1837 628 1903 saevique
647 1835 674 1888 in
693 1835 785 1888 limine
804 1833 876 1902 regis

157 1913 309 1983 Adparent,
327 1919 482 1982 acuuntque
501 1917 604 1965 metum
622 1911 783 1964 mortalibus
801 1911 897 1978 aegris,
968 1929 1005 1967 seo

156 1989 184 2042 Si
203 1990 312 2059 quando
330 1991 416 2044 letum
435 1989 591 2042 horrificum
610 1988 772 2056 morbosque
791 1987 871 2040 doum
890 2005 939 2040 rex

155 2065 276 2132 Molitur,
295 2067 407 2119 meritas
426 2072 474 2119 aut
492 2064 563 2118 bello
581 2065 692 2118 territat
710 2063 799 2117 urbes.

158 2141 262 2194 Harum
281 2159 361 2194 unam
380 2142 496 2194 celerem
514 2141 625 2194 demisit
644 2140 679 2193 ab
698 2140 809 2193 aethere
828 2156 933 2193 summo

156 2217 287 2286 luppiter,
305 2218 387 2286 inque
406 2233 484 2269 omen
504 2216 635 2270 Iuturnae
654 2232 795 2269 occurrere
812 2215 897 2270 iussit.

155 2293 206 2345 llla
224 2294 304 2359 velat,
323 2293 458 2361 celerique
476 2291 513 2344 ad
530 2295 632 2345 terram
652 2291 761 2345 turbine
779 2293 872 2344 fertur.
965 2305 1000 2343 ees

154 2367 214 2420 Non
233 2385 317 2436 secus,
336 2386 367 2422 ac
385 2385 467 2422 nervo
486 2384 535 2436 per
552 2367 653 2420 nubem
671 2367 778 2435 inpulsa
796 2368 901 2435 sagitta,

153 2444 295 2496 Armatam
314 2445 386 2498 saevi
407 2444 525 2497 Parthus
543 2459 625 2512 quam
643 2443 707 2496 fello
726 2444 827 2506 veneni,

153 2518 277 2585 Parthus,
297 2521 353 2574 sive
372 2521 472 2588 Cydon,
491 2519 577 2572 telum
604 2519 801 2586 inmedicabile,
819 2519 906 2581 torsit

151 2594 276 2648 Stridens
294 2601 323 2650 et
341 2597 436 2650 celeris
453 2595 591 2662 incognita
608 2596 727 2648 transilit
745 2594 867 2648 umbras:

150 2669 222 2724 Talis
241 2689 270 2725 se
288 2678 346 2726 sata
364 2673 452 2726 Nocte
471 2671 542 2736 tulit,
561 2675 705 2739 terrasque
722 2671 827 2739 petivit.
962 2688 999 2725 soe

151 2745 296 2816 Postquam
316 2749 387 2801 acies
406 2748 481 2801 videt
501 2747 599 2800 Iliacas
618 2749 702 2814 atque
721 2747 828 2814 agmina
847 2746 937 2814 Turni,

151 2823 233 2876 Alitis
251 2824 278 2875 in
296 2841 395 2891 parvae
414 2823 533 2876 subitam
551 2821 665 2875 collecta
683 2823 805 2890 figuram,

149 2899 224 2963 Quae
243 2900 380 2967 quondam
398 2902 424 2953 in
443 2899 532 2953 bustis
550 2901 598 2952 aut
616 2899 777 2952 culminibus
795 2899 912 2953 desertis

148 2975 235 3029 Nocte
254 2977 352 3030 sedens
371 2994 461 3030 serum
480 2975 553 3028 aanit
571 2974 717 3042 inportuna
734 2991 783 3044 per
801 2975 926 3040 umbras3

149 3052 227 3105 Hanc
245 3069 323 3106 versa
341 3053 368 3106 in
387 3054 483 3106 faciem
503 3051 586 3104 Turni
605 3067 634 3104 se
652 3053 737 3119 pestis
755 3051 789 3104 ob
808 3068 856 3104 ora
959 3067 994 3106 eos

148 3128 269 3198 Fertque
287 3130 427 3202 refertque
445 3143 550 3198 sonans,
567 3127 739 3197 clipeumque
757 3127 900 3182 everberat
918 3127 973 3182 elis

147 3205 191 3259 illi
209 3206 332 3262 membra
349 3224 433 3262 novus
452 3206 531 3261 solvit
548 3205 694 3260 formidine
711 3209 812 3275 torpor,
