2278 3568
423 162 607 212 AENEIDOS
624 161 696 212 LIB.
715 161 753 210 Il.
974 158 1019 208 117

163 244 239 298 Talia
256 241 399 310 iactabarn,
417 246 446 296 et
463 241 564 295 furiata
581 246 674 296 monte
691 238 820 309 lereber,]

163 322 232 376 (lum
251 320 317 374 mihi
335 336 371 384 so,
389 335 443 372 non
460 322 524 373 ante
542 319 626 372 emilis
644 323 701 372 tam
720 318 800 384 clare,
819 315 965 372 videndam

163 398 273 452 Obtulit
290 401 319 451 et
337 413 407 466 pura
423 413 475 466 per
492 399 598 450 noctem
618 396 647 448 in
666 395 726 448 luee
744 395 852 449 refulsit
985 407 1021 446 sao

163 475 246 528 Alma
263 491 369 544 parcns,
387 473 510 527 confossa
527 473 615 539 deam,
634 471 776 540 qualisque
794 471 882 525 videri

164 551 305 606 caelicolis
323 555 353 604 et
371 554 474 619 quanta
492 549 569 616 solet,
589 548 743 617 dextraque
762 548 926 618 prehensum

164 628 311 694 Oontinuit,
330 643 463 696 roseoque
482 625 549 683 haec
566 626 677 694 insuper
695 625 804 679 addidit
821 641 881 679 ore:

132 701 140 728 ¹
164 704 244 771 Nate,
262 705 323 773 quis
341 703 488 756 indomitas
506 705 600 756 tantus
619 702 697 756 dolor
715 703 818 756 excitat
835 703 906 756 irasl

164 780 236 845 Quid
254 781 338 834 arrisi
356 784 404 834 aut
422 795 540 848 quonam
558 778 645 832 nostri
664 778 715 832 tibi
732 795 798 832 cura
815 778 944 832 recessitl
985 793 1021 834 tos

164 857 226 912 Non
243 858 319 928 prius
337 856 458 925 aspicies,
476 854 523 908 ubi
541 855 642 908 fessum
661 858 753 908 aetate
771 858 914 923 parentem

164 933 289 1002 Liqueris
310 933 466 986 Anchisenl
485 932 597 1000 superet
614 931 767 984 coniunxne
786 931 896 997 Creusa,

163 1011 352 1078 Ascaniusque
371 1009 456 1078 pucrl
474 1023 544 1076 quos
561 1006 650 1060 omnis
668 1006 790 1076 undique
808 1007 908 1060 Graiae

164 1087 367 1141 (lircurnorrant
384 1085 463 1150 acies,
482 1088 519 1151 et,
537 1083 565 1136 ni
584 1099 646 1138 mea
663 1099 729 1136 cura
746 1083 864 1150 resistat,

164 1163 224 1217 lam
242 1163 368 1217 flammae
386 1161 500 1216 tulerint
517 1162 642 1215 inimicus
660 1164 689 1214 et
707 1159 829 1214 hauserit
847 1160 925 1215 ensis.
983 1171 1019 1212 ooo

164 1239 226 1294 Non
243 1239 294 1293 tibi
312 1238 474 1309 Tyndaridis
492 1238 575 1292 facies
593 1237 679 1292 invisa
697 1237 838 1292 Lacaenae

164 1315 330 1385 culpatusve
350 1315 434 1382 Paria,
452 1315 543 1370 divom
562 1313 743 1380 inclementia,
762 1313 861 1382 divom,

164 1393 224 1447 Has
241 1392 342 1448 evertit
359 1409 424 1462 opes
442 1393 596 1460 sternitque
614 1408 631 1446 a
648 1390 765 1444 cidmine
783 1391 895 1444 Troiam.

164 1470 418 1540 Aspice-namque
435 1485 551 1535 omnem,
570 1485 642 1536 quae
658 1483 730 1522 nunc
748 1466 867 1522 obducta
883 1467 973 1521 tuenti

164 1545 289 1601 Mortalis
307 1545 420 1599 hebetat
437 1545 512 1598 visus
530 1544 581 1598 tibi
599 1548 628 1598 et
646 1543 759 1597 humida
776 1544 876 1597 circum
981 1559 1018 1597 ais

163 1623 277 1692 Caligat,
295 1621 395 1676 nubem
414 1621 542 1694 eripian13
560 1625 592 1674 tu
609 1637 643 1674 ne
662 1636 716 1690 qua
733 1621 854 1688 parentis

164 1701 243 1754 Iussa
260 1701 335 1767 time,
353 1715 408 1752 nou
425 1697 580 1766 praeceptis
597 1713 696 1766 parere
713 1712 840 1752 recusa-

164 1777 225 1845 Hic,
244 1778 290 1831 ubi
309 1776 438 1830 disiectus
456 1774 541 1828 moles
560 1774 707 1842 avolsaque
724 1773 796 1826 saxis

163 1855 234 1909 Saxa
251 1854 329 1908 vides
346 1853 486 1920 mixtoque
503 1851 654 1905 undantem
671 1849 784 1919 pulvere
802 1850 913 1918 famum,

163 1931 309 2002 Neptunus
326 1945 418 1985 muros
436 1943 589 1998 magnoque
607 1931 699 1982 emota
716 1925 828 1982 tridenti
982 1941 1018 1981 om

163 2007 354 2061 Fundamenta
371 2005 462 2074 quatit
479 2009 621 2073 totamque
639 2020 655 2056 a
673 2003 783 2058 sedibus
800 2004 896 2058 urbem

163 2085 248 2139 Eruit.
287 2084 340 2138 Hic
361 2084 430 2135 Iuno
449 2082 547 2134 Scaeas
566 2080 722 2133 saevissima
739 2084 833 2147 portas

163 2160 256 2213 Prima
273 2162 358 2224 tenet,
378 2156 534 2223 sociumque
551 2155 645 2207 furens
662 2170 680 2206 a
696 2153 811 2208 navibus
829 2173 926 2222 agmen

163 2237 249 2290 Ferro
266 2233 388 2288 accincta
405 2234 492 2283 vocat.

164 2314 223 2366 Iam
242 2325 360 2364 sunrmas
378 2323 454 2361 arcos
473 2305 602 2369 Tritonia,
619 2303 731 2371 respice,
751 2303 840 2358 Pallas
983 2321 1019 2359 ms

164 2387 277 2453 Insedit,
297 2385 390 2439 nimbo
408 2381 539 2450 effulgens
557 2385 586 2435 et
605 2380 730 2447 Gorgone
749 2396 835 2435 saeva

164 2464 229 2532 Ipse
248 2464 331 2517 Pater
349 2460 452 2515 Danais
470 2459 573 2512 animos
592 2457 711 2526 virisque
729 2459 860 2514 secundas

163 2539 276 2608 Sufficit,
293 2540 351 2607 ipse
369 2538 436 2591 deos
453 2537 481 2590 in
500 2535 628 2590 Dardana
646 2534 761 2588 suscitat
778 2551 860 2592 arma

164 2615 254 2684 Eripe,
272 2618 343 2684 nate,
361 2614 462 2683 sugam,
480 2614 618 2682 finemque
636 2611 734 2680 inpone
752 2610 843 2666 labori

163 2692 306 2760 Nusquam
324 2691 414 2760 abero,
432 2694 461 2746 et
478 2693 570 2744 tutum
587 2689 676 2758 patrio
694 2692 723 2742 te
740 2688 832 2744 limine
851 2689 953 2744 sistam.
986 2702 1019 2741 sao

164 2767 285 2835 Dixerat,
304 2773 333 2823 et
351 2769 444 2839 spissis
462 2766 550 2822 noctis
567 2783 597 2820 se
615 2765 738 2820 condidit
756 2765 866 2820 umbris

164 2843 309 2912 Adparent
327 2844 403 2898 dirae
420 2845 503 2898 facies
520 2843 684 2909 inimicaque
703 2841 798 2896 Troiae

163 2919 283 2973 Numina
301 2937 400 2989 magna
417 2921 505 2976 deum.
556 2914 558 2918 ’

197 2997 266 3052 Tum
284 3013 349 3051 voro
366 3013 446 3052 omne
463 2997 530 3050 mibi
548 2995 635 3048 visum
653 2994 794 3050 considere
811 2995 839 3048 in
857 2994 928 3061 ignis

164 3073 245 3128 Ilium
264 3077 344 3129 etex
362 3076 417 3128 imo
434 3075 505 3128 verti
523 3071 663 3142 Neptunia
681 3069 775 3136 Troia;
983 3085 1018 3124 aas

164 3153 206 3205 Ao
223 3151 308 3205 veluti
327 3151 440 3206 summis
457 3151 599 3218 antiquam
616 3149 644 3200 in
663 3146 801 3200 montibus
818 3163 915 3202 ornum

163 3226 231 3282 eum
249 3227 321 3282 ferro
339 3228 454 3283 accisam
472 3225 631 3293 crebrisque
648 3222 811 3291 bipennibus
828 3223 931 3276 instant
