2266 3562
139 140 168 186 io
375 139 403 186 P.
422 137 577 186 VERGILI
595 137 761 188 MARONIS

138 217 240 286 Incipe,
257 234 340 286 parve
358 235 440 286 puer:
459 219 501 271 cui
520 234 573 270 non
591 219 677 274 risere
695 224 830 288 parentes,

137 293 195 347 Nec
214 293 282 346 deus
299 293 370 347 hunc
389 309 489 360 mensa,
508 292 561 346 dea
579 310 629 347 nec
648 295 761 362 dignata
779 297 862 350 cubili
880 299 930 352 est

420 451 628 510 ECLOGA
658 452 695 508 V.

476 555 647 605 DAPHNIS.

405 661 560 702 muhamas.
598 663 710 703 MOPSUS.

136 741 192 796 Me.
212 743 273 796 Oua
285 759 346 809 non,
360 742 464 809 Mopse,
477 741 541 794 boni
555 743 682 808 quoniam
696 746 871 799 convenimus
883 747 972 812 anrbo,

137 819 177 871 'lu
195 819 311 872 calamos
329 817 424 870 inflare
442 817 516 884 levis,
535 835 586 885 ego
606 818 696 872 dicere
714 837 816 882 versus,

137 895 191 947 Hic
210 893 306 962 corylis
325 894 424 946 mixtas
442 893 514 946 inter
531 894 697 946 considimus
715 896 819 950 ulmos'l

136 970 193 1024 Μο.
213 971 253 1023 'lu
271 971 370 1034 maior;
389 970 440 1023 tibi
459 987 502 1023 me
517 974 560 1024 est
572 987 690 1040 aequum
703 989 807 1040 parere,
821 974 952 1040 Menalca,

136 1047 198 1100 Sive
217 1047 267 1100 sub
286 1047 403 1100 incertas
422 1047 551 1115 Zephyris
570 1049 738 1102 motantibus
756 1049 874 1116 umbras,
977 1069 989 1104 s

136 1124 199 1178 Sive
218 1127 296 1176 antro
315 1123 405 1190 potius
425 1123 601 1176 succedimus.
640 1125 749 1192 Aspice,
769 1129 801 1178 ut
818 1129 928 1179 antrum

135 1199 273 1254 Silvestris
292 1200 360 1252 raris
381 1200 481 1267 sparsit
498 1199 624 1252 labrusca
641 1201 763 1253 racemis.

135 1277 190 1332 Me.
210 1275 350 1328 Montibus
369 1276 396 1327 in
415 1276 514 1328 nostris
534 1276 606 1327 solus
625 1275 676 1328 tibi
695 1280 783 1330 certat
802 1279 944 1346 Amyntas.

136 1354 192 1410 Μο.
213 1353 292 1420 Quid,
310 1351 334 1404 si
352 1351 426 1404 idem
440 1355 527 1404 certet
542 1350 682 1404 Phoebum
696 1369 825 1420 superare
836 1355 975 1409 canendo?

134 1431 190 1485 Ma
213 1431 313 1498 Incipe,
334 1430 437 1497 Mopse,
456 1431 538 1498 prior,
552 1427 575 1480 si
587 1445 656 1496 quos
669 1431 717 1481 aut
730 1428 862 1498 Phyllidis
874 1431 952 1496 ignis,

136 1510 193 1560 Aut
213 1507 324 1560 Alconis
342 1505 426 1558 habes
445 1505 547 1571 laudes,
567 1507 615 1556 aut
633 1504 721 1572 iurgia
740 1505 830 1559 Codri.
965 1523 985 1560 n

135 1583 244 1652 Incipe;
262 1583 398 1652 pascentis
417 1581 537 1635 servabit
557 1581 665 1649 Tityrus
683 1582 792 1636 haedos.

133 1660 191 1714 Mo.
211 1661 298 1713 Immo
316 1659 390 1727 haec,
409 1659 435 1710 in
454 1657 534 1710 viridi
552 1674 640 1725 nuper
658 1674 729 1726 quae
746 1659 847 1712 cortice
864 1659 919 1726 fagi

133 1735 261 1790 Carmina
280 1735 409 1802 descripsi
429 1737 458 1788 et
477 1734 620 1786 modulans
640 1734 745 1786 alterna
763 1735 861 1800 notaui,

134 1811 280 1880 Experiar:
299 1815 330 1864 tu
348 1809 450 1864 deinde
469 1809 562 1863 iubeto
581 1813 613 1862 ut
630 1813 720 1862 certet
739 1813 878 1877 Amyntas.
963 1829 986 1867 15

135 1888 188 1941 Me.
208 1888 295 1940 Lenta
313 1887 381 1940 salix
399 1889 532 1954 quantum
551 1885 664 1954 pallenti
683 1885 756 1938 cedit
774 1885 868 1950 olivae,

138 1965 260 2018 l‘uniceis
279 1963 388 2016 hunnlis
407 1964 539 2029 quantum
559 1961 678 2014 saliunca
697 1962 801 2028 rosetis,

135 2039 238 2093 Iudicio
257 2042 349 2092 nostro
368 2041 477 2090 tantum
497 2037 548 2090 tibi
566 2037 641 2091 cedit
661 2039 801 2106 Amyntas.

133 2117 190 2170 Mo.
209 2116 264 2170 Sed
282 2119 314 2169 tu
331 2115 426 2170 desine
444 2114 529 2182 plura,
549 2131 631 2182 pucr;
651 2114 827 2168 successimus
845 2121 931 2170 antro.

169 2193 341 2246 Exstinctum
361 2191 503 2259 Nymphae
522 2190 627 2244 crudeli
646 2191 742 2244 funere
762 2191 898 2259 Daphnim
959 2207 985 2244 aa

134 2269 265 2334 Flebant;
283 2285 330 2322 vos
349 2268 431 2335 coryli
450 2271 536 2320 testes
555 2270 585 2320 et
603 2267 714 2320 flumina
733 2267 758 2320 N
760 2267 879 2335 ymphis;

133 2345 202 2400 Cum
220 2346 352 2414 conplexa
369 2344 410 2397 sui
430 2361 527 2410 corpus
547 2343 701 2396 miserabile
720 2343 776 2395 nati

134 2422 228 2490 Atque
247 2422 312 2475 deos
331 2426 414 2489 atque
431 2423 506 2472 astra
524 2423 603 2472 vocat
620 2419 741 2472 crudelia
758 2422 855 2472 mater.

134 2499 159 2552 N
162 2516 195 2552 on
213 2499 261 2551 ulli
279 2501 371 2568 pastos
390 2497 441 2549 illis
459 2513 541 2564 egere
559 2495 656 2548 diebus

134 2574 254 2642 Frigida,
267 2575 382 2643 Daphni,
395 2573 478 2626 bores
491 2572 527 2624 ad
541 2572 666 2636 flumiua3
688 2571 761 2624 nulla
774 2588 823 2624 uec
835 2587 943 2624 anmem
959 2589 983 2622 a

135 2651 241 2704 Libavit
260 2651 423 2720 quadrupes,
442 2665 492 2702 nec
510 2648 641 2716 granniuis
658 2647 753 2714 attigit
771 2646 890 2700 herbam

134 2727 249 2796 Daphni,
269 2733 346 2782 tuum
368 2727 473 2781 Poenos
492 2725 574 2778 etiam
594 2723 757 2792 ingemuisse
777 2723 870 2777 leones

134 2804 281 2858 Interitum
301 2808 462 2871 nitentesque
480 2801 532 2856 ieri
550 2801 687 2868 silvaeque
707 2799 862 2866 loquuntur.

134 2879 256 2949 Daphnis
273 2885 304 2934 et
323 2879 467 2933 Armenias
486 2895 568 2931 curru
585 2877 751 2945 subiungere
770 2875 848 2942 tigris

134 2957 267 3024 Instituit,
287 2957 409 3025 Daphnis
427 2955 531 3008 thiasos
549 2953 680 3008 inducero
700 2951 798 3004 Bacchi
955 2964 980 3002 au

134 3031 170 3086 Ilt
188 3033 258 3086 foliis
276 3033 364 3086 lentas
382 3032 507 3084 interere
525 3029 651 3083 mollibus
670 3027 768 3080 hastas.

134 3108 207 3162 Vitis
225 3113 256 3163 ut
274 3109 417 3162 arboribus
435 3107 527 3160 decori
545 3109 594 3168 est,
613 3108 644 3157 ut
663 3103 763 3156 vitibus
781 3116 857 3168 urae,

134 3183 174 3240 Ut
191 3185 320 3256 gregibus
338 3184 418 3251 tauri,
437 3186 545 3254 segetes
562 3185 594 3233 ut
612 3178 758 3251 pinguibus
776 3177 857 3241 arvis,
