2266 3562
122 159 153 206 62
360 165 386 212 P.
408 163 562 211 VERGlLI
581 162 750 214 MARONIS

120 240 311 316 Continuoque
329 261 428 314 greges
447 245 517 297 villis
534 244 597 312 lege
616 245 742 299 mollibus
759 245 842 300 albos.

119 316 202 373 Illum
220 327 321 391 autem,
340 322 466 392 quamvis
484 321 555 374 aries
575 322 612 376 sit
630 322 763 376 candidus
782 323 849 394 ipse,

119 395 206 464 Nigra
224 399 320 453 subest
338 399 393 452 udo
412 403 520 452 tanturn
539 399 582 451 cui
601 399 695 466 lingua
712 399 811 468 palato,

119 471 219 542 lteiice,
237 489 272 529 ne
290 476 403 529 maculis
423 475 541 528 infuscet
560 475 663 528 vellera
681 476 762 544 pullis

119 548 294 620 Nasomtnm,
313 552 449 620 plenoque
467 552 550 604 aliurn
569 552 748 629 circumspice
767 569 871 622 campo.
942 568 994 626 ser·

119 625 234 681 Munere
251 628 289 681 sic
306 630 386 682 niveo
405 628 488 693 lanae,
508 628 529 681 si
547 627 661 680 credere
681 628 794 695 dignum
813 633 865 697 est,

119 702 175 760 l'an
194 702 263 757 deus
283 705 421 758 Arcadiae
439 709 548 772 captam
567 707 604 770 te,
625 703 711 773 Luna,
729 705 835 772 fefellit,

121 779 151 830 lu
169 795 281 834 nemora
298 782 355 835 alta
373 798 487 845 vocans,
505 798 555 834 nec
574 785 605 834 tu
624 786 771 849 aspernata
789 786 939 837 vocantem.

152 861 192 910 At
210 857 253 910 cui
272 858 349 913 lactis
368 875 449 924 amor,
468 859 583 927 cytisum
602 858 729 926 lotosque
746 859 900 928 frequentis

119 931 182 999 lpse
200 950 282 990 manu
300 937 441 1005 salsasque
459 936 531 989 ferat
550 934 728 1004 praesepibus
746 935 885 989 herbas,
940 952 976 989 aas
1060 957 1063 964 ·

120 1007 190 1063 llino
207 1014 236 1064 et
254 1018 347 1066 amant
366 1013 461 1066 fluvios
480 1013 574 1079 magis,
591 1017 620 1064 ot
638 1012 725 1079 magis
743 1013 830 1065 ubera
847 1011 976 1073 tendunt,

120 1085 153 1138 llt
171 1087 234 1140 salis
252 1089 388 1143 oecultum
407 1090 532 1142 referunt
550 1089 577 1140 in
597 1088 667 1140 licto
686 1105 823 1156 saporem.

117 1161 198 1216 Multi
216 1164 269 1216 iam
288 1171 414 1219 excretos
432 1165 580 1234 prohibent
598 1181 615 1217 a
633 1164 769 1217 matribus
787 1165 899 1234 haedos,

121 1239 264 1308 Primaque
283 1242 394 1295 ferratis
412 1242 568 1309 praefigunt
587 1257 635 1293 ora
654 1241 787 1308 capistris.

117 1316 196 1378 Quod
214 1323 345 1385 surgente
364 1319 409 1371 die
428 1319 548 1371 mulsere
566 1317 697 1384 horisque
714 1316 827 1384 diurnis,
939 1334 976 1373 eoo

117 1393 142 1445 N
144 1397 205 1447 octe
223 1399 366 1461 premunt3
385 1394 460 1463 quod
479 1394 533 1445 iarn
552 1393 675 1446 tenebris
694 1396 723 1445 et
741 1393 798 1446 sole
820 1394 944 1460 cadente,

116 1469 173 1523 Sub
191 1471 278 1524 lucem
298 1475 446 1539 exportant
465 1469 579 1523 calathis
600 1469 668 1535 (adit
687 1469 787 1537 oppida
805 1473 918 1538 pastor),

117 1548 177 1601 Aut
193 1563 276 1616 parco
294 1548 349 1601 sale
368 1547 532 1614 contingunt
551 1545 689 1612 hiemique
708 1551 850 1614 reponunt.

150 1624 209 1678 Nec
226 1623 278 1677 tibi
297 1641 361 1677 cura
380 1640 477 1676 canum
496 1623 581 1676 fuerit
599 1627 745 1688 postrema,
766 1623 888 1678 seduna

118 1700 224 1755 Velocis
243 1701 358 1770 Spartae
377 1700 480 1753 catulos
499 1714 645 1766 aeremque
664 1698 812 1752 Molossum
939 1717 975 1755 sos

117 1778 201 1831 Pasce
219 1795 281 1830 sero
298 1777 400 1845 pingui.
438 1776 595 1844 Numquam
614 1774 775 1828 custodibus
793 1775 846 1828 illis

116 1854 287 1907 Nocturnum
306 1853 422 1906 stabulis
439 1853 527 1905 furem
546 1851 725 1919 incursusque
744 1851 878 1920 luporum,

119 1934 175 1984 Aut
193 1931 332 1998 inpacatos
350 1947 367 1983 a
385 1933 465 1997 tergo
484 1927 610 1983 horrebis
630 1928 757 1981 Hiberos.

116 2007 203 2074 Saepe
222 2007 304 2061 otiam
323 2023 404 2060 eursu
423 2005 535 2059 timidos
554 2005 672 2073 agitabis
691 2022 813 2072 onagros,

117 2084 153 2144 Et
170 2083 283 2136 canibus
301 2084 430 2150 leporem,
449 2081 563 2136 canibus
582 2082 717 2135 venabere
735 2082 874 2147 dammam
940 2098 976 2136 no

115 2160 203 2228 Saepe
221 2159 370 2213 volutabris
387 2159 480 2228 pulsos
499 2158 671 2212 silvestribus
688 2174 769 2226 apros

117 2235 230 2290 Latratu
249 2235 374 2290 turbabis
393 2253 484 2304 agens,
504 2235 660 2302 montisque
678 2251 728 2302 per
745 2235 816 2287 altos

118 2311 262 2380 lugentem
281 2313 399 2368 clamore
418 2330 528 2382 premes
547 2312 583 2364 ad
601 2311 672 2364 retia
690 2327 807 2364 cervum.
827 2375 834 2388 Ι

151 2388 232 2442 Disce
250 2393 279 2443 et
297 2389 440 2444 odoratam
460 2389 575 2443 stabulis
595 2387 744 2440 accendere
762 2385 883 2453 cedrum,

116 2464 310 2535 Galbaneoque
329 2467 435 2534 agitare
453 2466 545 2534 gravis
564 2463 659 2516 nidore
679 2461 826 2528 chelydros.
939 2479 975 2517 ns

116 2542 203 2610 Saepe
220 2542 270 2595 sub
289 2544 399 2596 inmotis
417 2541 599 2612 praesepibus
619 2542 667 2592 aut
685 2537 757 2590 nrula
775 2541 851 2590 tactu

119 2618 219 2686 Vipera
237 2619 349 2674 delituit
367 2621 528 2688 caelumque
547 2616 682 2669 exterrita
699 2614 778 2681 fugit,

118 2695 175 2748 Aut
192 2698 267 2750 teoto
285 2699 416 2751 adsuetus
435 2694 547 2748 coluber
567 2691 713 2746 succedere
732 2695 760 2746 et
779 2690 901 2758 umbrae,

118 2770 206 2825 Pestis
223 2773 321 2827 acerba
339 2774 429 2840 boum,
449 2771 595 2842 pecorique
615 2769 781 2837 adspergere
800 2768 881 2832 virus,

119 2847 197 2902 llovit
215 2849 335 2903 humum.
377 2851 451 2917 Cape
471 2865 536 2902 saxa
555 2864 643 2908 mann,
662 2863 729 2914 cape
747 2844 854 2910 robora,
872 2847 974 2912 pastor,

117 2923 322 2995 Tollentemque
342 2927 429 2980 minas
449 2929 478 2979 et
497 2924 576 2977 sibila
595 2923 664 2977 colla
681 2926 834 2977 tumentem
939 2934 974 2972 421

118 3001 217 3056 Deiice.
255 3004 370 3072 lamque
386 3004 450 3070 iuga
468 3002 596 3055 timidum
614 3005 697 3070 caput
715 2999 823 3053 abdidit
841 2998 905 3063 alte,

118 3078 186 3132 Cum
204 3081 289 3133 medii
308 3097 395 3133 nexus
414 3084 608 3147 extremaeque
627 3079 735 3147 agmina
753 3077 857 3132 caudae

118 3154 274 3224 Solvuntur,
290 3157 440 3225 tardosque
458 3157 544 3210 trahit
563 3157 637 3210 sinus
655 3157 768 3209 ultimus
786 3153 867 3206 orbis.

118 3231 169 3286 aa
187 3233 271 3286 etiam
289 3233 335 3287 ille
353 3233 441 3290 malus
460 3232 585 3288 Calabris
603 3233 630 3286 in
650 3232 765 3288 saltibus
783 3229 886 3300 anguis,
940 3241 976 3280 aas
