2290 3568
407 158 588 206 AENEIDOS
606 158 675 207 LlB.
696 159 758 208 VII.
961 159 1007 210 207

161 238 254 308 Atque
272 239 315 292 hic
336 241 443 293 Aeneas
461 239 599 305 ingentem
618 256 651 292 ex
670 257 787 308 aequore
805 240 895 294 lucum

161 317 301 384 Prospicit.
339 316 420 368 Hunc
438 315 510 368 inter
528 315 608 367 fluvio
628 315 768 369 Tiberinus
787 333 907 384 amoeno,
984 331 1008 370 so

160 391 315 446 Verticibus
332 392 442 461 rapidis,
461 395 489 445 et
507 392 593 444 multa
610 392 696 445 flavus
714 409 803 460 arena,

161 470 192 522 ln
211 487 285 522 mare
304 470 462 538 prorumpit.
498 469 598 522 Variae
616 469 771 538 circumque
790 487 927 539 supraque

161 545 301 598 Adsuetae
321 546 386 613 ripis
404 546 526 598 volucres
545 551 573 598 et
591 545 709 598 fluminis
728 545 804 599 alveo

161 622 283 675 Aethera
301 622 456 674 mulcebant
474 626 563 686 cantu,
582 622 696 689 lucoque
715 622 851 677 volabant.

161 697 285 752 Flectere
302 699 356 752 iter
375 699 451 750 sociis
470 702 616 764 terraeque
635 699 779 751 advertere
797 716 891 766 proras
984 717 1008 754 35

160 775 280 842 Inperat‚
300 779 329 828 et
347 775 435 828 laetus
454 775 535 828 fluvio
554 775 675 828 succedit
694 791 784 844 opaco.

194 852 273 906 Nunc
291 869 349 919 age,
368 853 415 919 qui
432 867 520 918 reges,
539 851 630 916 Erato,
651 868 721 919 quae
739 857 864 919 tempora
882 870 982 920 rerum,

160 927 226 992 Quis
246 928 324 980 Latio
343 929 454 994 antiquo
472 927 556 978 fuerit
575 931 671 992 status,
691 927 796 995 advena
815 929 926 980 classem

160 1003 228 1058 Cum
246 1005 363 1073 primum
383 1003 511 1055 Ausoniis
530 1003 666 1055 exercitus
684 1002 791 1070 adpulit
809 1005 885 1070 01·is‚·

160 1081 319 1148 Expediam,
338 1081 367 1132 et
384 1079 488 1146 primae
506 1079 639 1132 revocabo
658 1078 769 1132 exordia
788 1097 903 1147 pugnae.
984 1098 1008 1136 eo

159 1158 200 1210 Tu
218 1162 316 1220 vatem,
334 1160 373 1220 tu,
391 1155 460 1221 diva,
479 1171 565 1208 mone.
603 1155 698 1208 Dicam
717 1155 828 1210 horrida
847 1157 924 1219 bella,

159 1233 254 1286 Dicam
273 1232 352 1298 acies,
371 1235 499 1299 actosque
516 1232 613 1284 animis
630 1233 658 1284 in
677 1231 772 1285 funera
790 1250 875 1300 reges,

159 1309 377 1377 Tyrrhenamque
396 1325 513 1374 uranum,
531 1311 673 1377 totamque
693 1309 743 1360 sub
762 1325 838 1363 arma
855 1313 977 1364 coactam

138 1398 140 1404 ’
160 1385 328 1452 Hesperiam.
366 1384 453 1436 Maior
471 1401 562 1437 rerum
581 1385 646 1437 mihi
665 1386 785 1438 nascitur
803 1386 877 1453 ordo,

159 1462 247 1514 Maius
266 1478 333 1530 opus
351 1477 451 1514 moveo.
490 1462 550 1514 lter
568 1478 633 1514 arva
652 1462 766 1516 Latinus
784 1467 813 1516 et
831 1463 913 1516 urbes
984 1479 1006 1516 o

161 1538 218 1590 lam
237 1538 326 1590 senior
344 1537 422 1603 longa
440 1537 559 1604 placidas
576 1538 604 1589 in
622 1554 688 1606 pace
707 1539 828 1605 regebat.

161 1614 241 1666 Hunc
260 1614 352 1666 Fauno
365 1609 399 1665 'et
417 1613 533 1680 nympha
551 1614 674 1680 genitum
694 1614 831 1666 Laurente
850 1616 953 1669 Marica

160 1690 331 1757 Accipimus3
349 1689 443 1740 Fauno
463 1689 541 1741 Picus
559 1690 748 1756 patenisque
766 1697 907 1757 parentem

160 1767 204 1831 Te,
224 1766 347 1828 Saturne,
366 1765 465 1828 refert3
483 1768 514 1816 tu
533 1765 669 1831 sanguinis
688 1765 800 1818 ultimus
818 1771 919 1822 auctor.

159 1843 243 1895 Filius
260 1841 322 1894 huic
340 1841 396 1894 fato
415 1840 503 1892 divom
522 1842 667 1909 prolesque
685 1841 769 1894 virilis
875 1903 879 1912 .
984 1859 1007 1897 5ο

160 1919 241 1971 Nulla
258 1918 318 1982 fuit,
337 1918 479 1984 primaque
497 1918 586 1970 oriens
605 1922 699 1986 erepta
717 1919 828 1973 iuventa
846 1924 895 1974 est.

160 1995 222 2049 Sola
239 1995 349 2048 domum
367 1998 396 2046 et
413 1997 505 2047 tantas
524 1993 651 2047 servabat
669 1995 724 2047 filia
742 1995 826 2059 sedes,

160 2072 219 2124 Iam
237 2075 345 2123 nactura
362 2070 427 2134 viro,
446 2070 499 2122 iam
518 2071 605 2138 plenis
622 2071 722 2123 nubilis
740 2071 823 2124 annis.

159 2147 241 2201 Multi
259 2147 333 2198 illam
351 2162 448 2212 magno
467 2163 482 2198 e
502 2146 579 2198 Latio
597 2149 711 2214 totoque
729 2147 862 2214 petebant

160 2227 295 2288 Ausonia;
313 2222 384 2289 petit
402 2225 465 2274 ante
483 2221 549 2274 alios
567 2221 765 2289 pulcherrimus
782 2225 868 2276 omnis
984 2241 1007 2279 55

159 2301 272 2367 Turnus
290 2299 347 2352 avis
366 2298 506 2365 atavisque
524 2303 629 2366 potens,
648 2315 729 2364 quern
747 2299 822 2366 regia
840 2301 955 2353 coniunx

160 2377 281 2444 Adiungi
299 2374 516 2442 generum'miro
535 2373 700 2442 properabat
717 2391 823 2440 amore3

159 2453 214 2508 Sed
232 2453 314 2506 variis
332 2453 459 2520 portenta
477 2451 559 2504 deum
577 2450 729 2504 terroribus
748 2451 867 2506 obstant.

159 2529 263 2583 Laurus
281 2534 341 2582 crat
358 2527 427 2581 tecti
444 2527 535 2580 medio
553 2528 580 2580 in
599 2527 786 2595 penetralibus
805 2529 875 2596 altis,

159 2606 240 2659 Sacra
257 2622 370 2671 eomam,
388 2604 542 2670 multosque
560 2608 635 2656 metu
653 2608 761 2656 servata
778 2621 828 2672 per
845 2621 936 2672 annos,
984 2621 1008 2658 oo

159 2681 246 2742 Quam
264 2684 343 2748 pater
361 2681 506 2747 inventam,
525 2680 626 2747 primas
644 2697 704 2733 cum
723 2681 854 2734 conderet
872 2699 956 2750 arces,

160 2757 223 2826 lpse
241 2756 382 2809 serebatur
402 2755 511 2808 Phoebo
530 2773 649 2808 sacrasse
669 2756 790 2823 Latinus,

159 2833 359 2901 Laurentisque
377 2831 411 2884 ab
430 2849 462 2885 ea
479 2850 577 2885 nomen
596 2833 718 2900 posuisse
737 2834 845 2886 colonis.

160 2910 248 2963 Huius
266 2926 331 2977 apes
349 2925 483 2962 summum
502 2909 762 2962 densae—mirabile
780 2909 892 2964 dictu-

159 2986 282 3040 Stridore
300 2984 403 3051 ingenti
422 2985 556 3052 liquidum
574 2990 651 3038 trans
669 2986 780 3039 cethem
797 2991 899 3056 rectae,
983 3005 1008 3044 55

159 3062 299 3116 Obsedere
318 3061 429 3130 apicem,
448 3064 485 3128 et,
502 3061 617 3130 pedibus
635 3079 685 3130 per
702 3067 798 3116 mutua
816 3065 902 3130 nexis,

159 3140 279 3193 Examen
298 3137 418 3192 subitum
436 3153 512 3190 ramo
529 3137 675 3192 frondente
692 3139 830 3208 pependit.

159 3217 291 3271 Continuo
309 3218 395 3282 vates,
414 3215 566 3268 Externum
585 3217 726 3283 cernimus,
745 3216 839 3283 inquit,
