2290 3568
433 162 615 212 AENEIDOS
632 162 700 211 LIB.
720 161 769 210 Vl.
977 161 1024 210 208

177 249 262 300 Laeta
279 245 361 298 deum
377 247 466 312 partu,
485 246 592 296 eentum
611 241 743 310 conplexa
759 244 880 311 nepotes,

176 323 270 375 Omnis
287 320 434 386 caelicolas,
454 320 540 372 omnis
558 335 656 386 supera
673 319 730 372 alta
747 318 874 372 tenentis

177 399 238 452 lluc
255 397 377 466 geminas
394 413 465 450 nunc
483 396 562 449 flecte
580 396 657 462 acies,
676 395 746 449 hanc
763 395 853 463 aspice
870 397 981 462 gentem

176 474 367 542 Ronmnesque
385 477 453 526 tues,
491 473 544 525 llic
564 473 664 526 Caesar
682 475 711 526 ct
729 471 815 525 omnis
834 470 887 523 luli

177 550 330 618 Progenies,
347 566 474 617 magnum
492 549 558 602 caeli
577 552 692 602 ventura
710 548 760 602 sub
778 565 865 602 axem.
990 561 1026 600 rec
1083 575 1086 582 v

178 626 230 679 llic
249 627 296 692 vir,
314 625 358 679 hie
376 629 425 694 est,
443 625 495 679 tibi
513 643 595 694 quem
613 625 736 694 promitti
755 624 862 694 saepius
880 623 965 690 audis,

180 705 319 770 Augustus
339 702 446 770 Caesar,
466 702 527 754 Divi
544 719 637 769 genus,
656 719 738 756 aurea
756 701 854 756 condet

176 778 288 832 Saecula
305 779 352 848 qui
371 795 465 832 rursus
484 779 563 832 Latio
581 783 694 846 regnata
711 795 761 847 per
778 794 843 830 arva

176 855 293 908 Saturno
311 855 457 923 quendam,
476 871 558 922 super
576 858 604 907 et
623 855 802 907 Garamantas
820 857 849 906 et
869 852 953 905 ludes

177 931 302 984 l'rofcret
320 932 469 999 inperium;
486 931 557 984 iacet
575 934 655 983 extra
673 930 764 984 sidera
781 929 869 996 tellus,
991 943 1027 982 rm

177 1007 262 1060 llxtra
280 1008 342 1059 anni
362 1008 481 1074 solisque
499 1007 562 1074 vias,
580 1007 627 1059 ubi
646 1007 755 1060 caelifer
776 1005 855 1059 Atlas

177 1086 266 1136 hrem
285 1083 399 1136 humero
416 1086 528 1151 torquet
546 1083 632 1136 stellis
650 1082 810 1136 ardentibus
828 1087 929 1150 aptam.

177 1160 267 1212 lluius
284 1159 312 1212 in
330 1159 479 1213 adrentum
496 1159 550 1212 iam
567 1175 640 1212 nunc
658 1162 687 1213 et
705 1158 803 1227 Caspia
821 1175 906 1225 regua

177 1236 324 1304 ltesponsis
341 1235 455 1290 horrent
472 1236 563 1289 divom
581 1239 610 1290 et
629 1236 750 1290 Maeotia
766 1235 854 1298 tellus,

179 1313 213 1365 m
231 1313 437 1380 septemgemini
455 1312 570 1366 turbant
588 1312 697 1382 trepida
715 1314 785 1366 ostie
803 1312 867 1365 Nili.
990 1325 1028 1364 sao

177 1387 200 1440 N
204 1405 234 1442 ec
253 1405 316 1442 vero
337 1389 448 1442 Alcides
467 1393 574 1443 tantum
592 1389 698 1442 telluris
716 1388 808 1455 obivit,

178 1465 198 1517 l·‘
202 1465 283 1518 inerit
301 1465 457 1533 aeripedem
475 1483 582 1519 cerrum
601 1466 672 1532 licet,
691 1471 739 1519 aut
758 1465 917 1533 Erymanthi

179 1541 284 1594 l’acarit
301 1557 420 1606 nemora,
440 1545 468 1594 et
487 1542 603 1595 Lernam
622 1542 808 1595 tremefecerit
826 1558 903 1606 arcu;

178 1617 242 1682 Nec,
261 1618 307 1685 qui
326 1618 475 1685 pampineis
494 1619 580 1670 vietor
598 1618 661 1684 iuga
679 1617 767 1671 flectit
784 1617 905 1684 habenis,

178 1693 267 1760 Liber,
286 1710 369 1761 agens
388 1693 459 1747 celso
479 1694 568 1762 Nysae
587 1693 621 1746 de
639 1693 743 1746 vertice
762 1693 846 1760 tigris.
993 1707 1029 1745 ses

178 1771 213 1822 lit
232 1769 388 1824 dubitamus
406 1769 495 1823 adhuc
513 1770 643 1823 virtutem
661 1768 812 1823 extendere
830 1769 918 1834 factis,

180 1849 237 1899 hat
256 1852 344 1899 metus
364 1847 485 1899 Ausonia
503 1845 630 1913 prohibet
648 1846 796 1900 consistere
813 1847 906 1899 terrai

178 1923 244 1987 (iuis
261 1922 354 1990 procul
372 1922 418 1976 ille
436 1927 527 1977 autem
547 1922 629 1975 rumis
646 1922 759 1990 insignis
777 1921 864 1975 olivae

177 2001 259 2053 Sacra
276 2000 384 2054 fcrensl
404 2001 428 2053 N
432 2017 493 2053 osce
511 2000 594 2052 erinis
611 1999 761 2068 incanaque
779 2003 873 2052 menta

178 2076 261 2142 ltegis
281 2076 403 2140 Romani,
422 2077 537 2143 primam
556 2076 603 2144 qui
620 2075 726 2142 legibus
744 2076 840 2129 urbem
993 2089 1030 2128 ⁸10

178 2151 323 2217 Fundabit,
343 2152 460 2205 Curibus
477 2152 569 2218 parvis
587 2155 615 2204 et
634 2168 754 2219 paupere
772 2157 846 2204 terra

178 2228 277 2281 lllissus
295 2229 323 2280 in
341 2227 473 2294 inperium
492 2243 627 2292 maguum.
663 2227 713 2279 Oui
731 2227 831 2280 deinde
849 2226 962 2293 subibit,

178 2305 242 2358 Otia
260 2305 306 2373 qui
326 2308 434 2371 rumpet
453 2303 556 2370 patriae
574 2302 732 2370 residesque
750 2302 870 2356 provebit

177 2381 271 2434 Tullus
289 2381 315 2434 iu
335 2396 410 2433 arma
427 2380 497 2432 riros
515 2383 544 2433 et
562 2379 615 2432 iam
634 2379 747 2433 desueta
764 2379 909 2448 triumphis

179 2458 304 2524 Agmina.
342 2456 429 2521 Quem
447 2457 524 2510 iuxta
542 2456 667 2524 sequitur
684 2456 828 2510 iactantior
847 2461 948 2521 Ancus,
993 2470 1029 2509 ers

178 2534 256 2588 Nune
274 2550 382 2602 queque
400 2534 453 2586 iam
473 2533 585 2586 nimium
606 2533 728 2600 gaudens
749 2533 925 2602 popularibus
946 2532 1027 2585 auris.

180 2611 227 2664 Vis
246 2614 274 2663 et
293 2610 453 2679 Tarquinios
471 2627 557 2677 roges,
577 2610 749 2678 animamque
768 2610 913 2678 superbam

178 2687 282 2740 Ultoris
302 2687 389 2750 Bruti,
408 2687 549 2754 fascesque
568 2685 661 2739 videre
680 2687 821 2754 receptosl

179 2762 302 2816 Consulis
320 2763 454 2830 inperium
473 2761 517 2815 hic
534 2762 637 2829 primus
656 2775 802 2831 saevasque
821 2778 929 2815 secures

181 2839 311 2906 Accipiet,
328 2843 461 2906 natosque
478 2841 558 2906 pater
575 2855 644 2890 nova
662 2837 733 2892 bella
751 2839 883 2892 moventis
993 2851 1030 2891 sae

181 2915 224 2968 Ad
243 2931 357 2982 poenam
376 2915 488 2982 pulchra
505 2930 554 2981 pro
572 2913 701 2968 libertate
719 2915 832 2980 vocabit,

180 2991 292 3045 Infelix!
314 2991 469 3058 Utcumque
486 2991 576 3042 ferent
594 3007 627 3043 ea
644 2991 717 3044 facta
735 2991 859 3058 minores,

179 3068 278 3121 Vincet
295 3084 371 3120 amor
389 3067 494 3135 patriae
512 3065 678 3135 laudumque
695 3067 819 3120 inmensa
836 3068 941 3136 cupide.

179 3145 250 3209 Quin
269 3144 367 3198 Decios
386 3144 544 3211 Drusosque
561 3144 653 3210 procul
673 3161 837 3212 saevumque
856 3145 944 3200 securi

179 3221 280 3294 Aspice
298 3221 465 3293 Torquatum
484 3222 512 3276 et
530 3219 694 3274 referentem
713 3221 790 3288 signa
808 3219 958 3276 Camillum,
993 3235 1029 3277 ses
