2290 3568
430 138 613 188 Annnlnos
631 136 700 188 hle.
721 138 754 187 V.
973 141 1018 187 169

165 224 234 277 'lum
251 224 331 291 pater
349 220 466 287 Aeneas,
486 221 594 287 Vestra,
611 220 708 288 inquit,
726 237 839 274 munera
857 218 933 274 vobis

166 300 250 354 Certa
266 300 386 364 manent,
404 297 488 365 pueri,
508 301 537 350 et
555 297 672 365 palmam
691 300 783 350 movet
800 297 896 349 ordine
914 311 1008 359 nemo;

167 377 212 430 Me
230 376 312 428 liceat
330 389 408 426 casus
427 373 550 426 miserari
567 373 682 426 insontis
700 372 787 425 amici.
982 385 1019 424 aaa

166 453 209 506 Sic
227 452 300 504 fatus
318 453 426 517 tergum
446 449 555 503 Gaetuli
572 449 680 502 inmane
699 449 784 502 lconis

166 529 222 582 Dat
241 527 320 593 Salia,
338 526 409 579 villis
427 543 570 579 onerosum
589 528 673 593 atque
691 523 827 592 unguibus
845 525 943 578 aureis.

167 605 221 659 llio
239 604 331 670 Nisus,
351 603 379 656 si
398 606 482 669 tanta,
500 601 598 669 inquit,
617 603 680 654 sunt
698 602 821 670 praemia
838 601 944 668 victis,

167 682 203 734 llt
220 684 250 734 te
267 680 404 749 lapsorum
422 680 541 745 miseret,
561 693 631 746 quae
649 695 761 732 munera
779 678 804 731 N
807 679 846 732 iso

168 757 256 826 Digna
274 756 367 810 dabis'l
387 756 502 824 primam
520 756 607 808 merui
626 755 672 822 qui
690 755 770 808 lande
789 771 922 820 coronam,
983 769 1020 808 aas

166 834 202 887 Ni
220 851 271 900 me,
291 849 361 902 quae
380 833 490 898 Salium,
508 832 619 885 fortuna
636 832 744 884 inimica
761 831 876 884 tulisset.

167 911 203 964 Et
221 910 299 964 simul
317 909 360 963 his
378 908 460 962 dictis
477 908 574 961 faciem
593 906 750 960 ostentabat
768 911 797 960 ct
815 908 870 960 udo

166 987 267 1054 Turpia
284 985 407 1038 membra
425 985 495 1036 lime.
534 983 606 1035 Risit
623 985 702 1049 pater
720 984 847 1050 optumus
864 983 917 1050 olli,

167 1064 203 1116 nt
221 1063 337 1130 clipeum
356 1060 447 1114 efferri
466 1060 552 1126 iussit,
571 1058 747 1126 Didymaonis
765 1059 840 1125 artis,

167 1140 289 1209 Neptuni
307 1155 383 1192 sacro
402 1135 503 1190 Danais
522 1136 557 1190 de
574 1139 654 1203 poste
672 1135 795 1190 refixum.
983 1151 1020 1190 eoo

168 1216 229 1270 Hoc
245 1216 370 1269 invenem
389 1213 529 1283 egregium
547 1211 699 1281 praestanti
718 1229 829 1266 munere
847 1212 939 1266 donat.

203 1293 276 1360 Post,
295 1291 341 1345 ubi
360 1289 477 1346 coniecti
495 1306 598 1357 cursus,
618 1293 647 1342 et
665 1288 738 1342 dona
755 1290 876 1358 peregit:

168 1369 254 1436 Nunc,
272 1370 294 1424 si
313 1368 356 1422 eui
373 1369 461 1422 uirtus
479 1367 638 1435 animusque
656 1366 684 1420 in
702 1371 813 1434 pectore
830 1383 966 1436 praesens,

171 1446 259 1512 Adsit,
278 1451 306 1500 et
325 1445 440 1499 evinctis
458 1444 567 1498 attollat
585 1443 712 1497 bracchia
729 1443 833 1511 palmis.

168 1522 211 1574 Sic
228 1523 267 1575 ait
285 1526 313 1574 et
331 1521 468 1588 geminum
486 1537 592 1587 pugnae
610 1519 738 1588 proponit
756 1520 894 1589 honorem,
982 1535 1019 1574 aas

168 1598 273 1651 Victori
292 1597 411 1650 velatum
430 1612 495 1648 auro
514 1596 645 1663 vittisque
663 1596 813 1663 iuvencum,

170 1675 266 1727 llnsem
285 1675 369 1740 atque
386 1671 518 1738 insignem
536 1671 641 1738 galeam
660 1671 756 1724 solatia
773 1671 850 1725 victo.

169 1750 194 1802 N
196 1767 227 1804 ec
245 1765 335 1813 mora;
355 1747 483 1802 continuo
501 1747 585 1800 vastis
603 1763 664 1800 eum
683 1747 785 1800 viribus
804 1747 883 1801 effert

169 1826 224 1879 Ora
242 1825 336 1890 Dares,
353 1841 507 1892 magnoque
525 1824 612 1876 virum
631 1839 660 1875 se
678 1839 816 1876 murmure
835 1823 923 1888 tollit,

168 1903 244 1955 Solus
262 1903 307 1970 qui
330 1901 454 1954 Paridem
472 1900 568 1953 solitus
586 1899 752 1954 contendere
770 1903 871 1965 contra,
982 1914 1019 1954 aro

169 1979 301 2047 Idemque
319 1978 355 2031 ad
373 1976 515 2042 tumulum,
534 1992 588 2044 quo
606 1993 749 2028 maxumus
767 1975 880 2029 occubat
900 1975 1011 2039 Hector,

170 2056 308 2108 Victorem
328 2054 417 2106 Buten
436 2053 537 2105 inmani
554 2069 674 2119 corpore,
693 2052 739 2120 qni
758 2068 787 2104 se

169 2131 301 2198 Bebrycia
319 2130 427 2182 veniens
448 2129 543 2195 Airiyci
561 2127 596 2179 de
614 2132 697 2195 gente
716 2127 831 2194 ferebat,

169 2206 289 2260 Perculit
307 2209 334 2257 et
352 2205 425 2256 fulva
443 2203 634 2256 moribundum
653 2203 778 2255 extendit
795 2220 886 2257 arena.

168 2284 240 2336 Talis
257 2283 345 2351 prima
364 2281 450 2334 Dares
468 2283 550 2347 caput
568 2279 653 2332 altum
672 2279 699 2331 in
718 2278 821 2348 proelia
838 2279 918 2346 tollit,
982 2294 1019 2334 ers

168 2359 352 2426 Ostenditque
370 2357 498 2410 humeros
517 2356 594 2421 latos,
613 2355 772 2424 alternaque
790 2356 874 2409 iactat

169 2436 299 2490 Bracchia
317 2433 491 2504 protendens,
510 2437 539 2486 ot
558 2431 686 2486 verberat
703 2431 803 2486 ictibus
821 2449 909 2486 auras.
998 2500 1000 2503 ἱ

169 2513 314 2578 Quaeritur
331 2511 394 2565 hnic
412 2510 495 2575 alins;
521 2526 570 2562 nec
589 2509 733 2578 qnisquam
752 2526 785 2562 ex
804 2509 911 2577 agmine
929 2511 1008 2562 tanto

170 2590 263 2643 Audet
280 2589 356 2642 adire
375 2588 463 2641 virum
482 2587 659 2654 manibusque
678 2586 808 2639 inducere
827 2590 941 2640 caestus.

169 2667 241 2734 llrgo
259 2665 361 2730 alacris,
379 2669 544 2732 cunctosque
562 2667 663 2731 putans
682 2662 815 2716 excedere
835 2663 931 2730 palma,
983 2676 1020 2715 ssa
1062 2667 1068 2686 ⁸

170 2746 279 2796 Aeneae
297 2743 376 2796 stetit
393 2747 457 2794 {into
476 2741 567 2808 pedae,
587 2757 636 2794 nec
654 2740 732 2809 plura
751 2742 873 2793 moratus

168 2819 236 2872 'lum
254 2818 331 2872 laeva
348 2822 456 2871 taurmn
475 2835 558 2871 cornu
575 2821 660 2884 tenet,
678 2820 762 2885 atque
780 2815 820 2871 ita
839 2816 924 2870 fatur:

168 2896 240 2949 Nate
259 2895 319 2960 dea,
337 2916 358 2952 sr
378 2911 456 2947 nemo
474 2894 557 2947 audet
576 2910 605 2946 se
623 2893 737 2946 credere
754 2907 870 2960 pugnae,

168 2972 244 3036 Quae
263 2972 324 3024 finis
343 2970 449 3024 standil
471 2987 525 3037 quo
543 2987 588 3024 me
606 2970 685 3024 decet
703 2985 790 3037 usque
809 2970 916 3022 teneril

168 3049 275 3102 Ducere
294 3049 365 3102 dona
381 3047 453 3101 iube.
489 3048 585 3100 Cuncti
604 3047 747 3100 simulare
766 3045 918 3100 fremebant
984 3058 1021 3098 ass

169 3126 352 3192 Dardanidae,
371 3124 505 3190 reddique
525 3123 581 3176 viro
599 3123 732 3191 promissa
749 3121 889 3175 iubebant.

169 3201 222 3255 Hic
238 3202 330 3271 gravis
350 3200 487 3255 Entellum
505 3198 586 3254 dietis
604 3201 720 3268 castigat
740 3199 864 3264 Acestes,
