2268 3570
148 170 196 217 roa
378 172 407 220 P.
428 171 581 221 VERGILI
599 173 766 224 MARONIS

149 248 229 304 llieet
246 250 274 302 in
293 267 384 305 muros
401 254 463 306 tota
480 252 644 306 discurritur
661 254 738 309 urbe.

148 325 298 380 Concilium
316 327 375 396 ipse
392 331 472 397 pater
489 331 519 382 et
536 345 635 396 magna
652 330 762 399 incepta
780 332 894 388 Latinus

148 401 259 456 Deserit
276 420 308 457 ae
324 405 398 458 tristi
416 404 543 458 turbatus
560 407 684 473 tempore
702 407 802 474 differt,
962 421 999 465 ω

149 479 292 548 Multaque
311 497 340 534 se
357 482 469 545 incusat,
488 485 535 551 qui
553 499 607 536 non
625 485 761 553 acceperit
778 485 851 539 ultro

149 555 317 610 Dardanium
337 557 457 625 Aenean,
475 575 661 629 generumque
679 561 826 615 adsciverit
843 561 912 616 urbi.

150 632 327 686 Praefodiunt
344 633 389 686 alii
407 639 508 702 portas,
526 641 575 690 aut
593 653 659 690 saxa
677 637 813 706 sudesque

149 708 324 763 Subvectant
363 710 440 764 Bello
459 711 508 765 dat
526 712 633 780 signum
651 729 733 766 rauca
751 718 893 767 cruentum

149 785 259 840 Bucina.
295 787 363 840 Tum
381 804 473 841 muros
489 788 565 842 varia
581 788 691 843 cinxere
708 805 807 843 corona
963 803 996 844 m

149 860 291 916 Matronae
309 865 455 932 puerique3
472 868 551 918 vocat
568 864 646 918 labor
662 865 775 918 ultimus
793 865 885 919 omnis.

149 938 276 992 Necnon
295 940 331 992 ad
350 941 483 1010 templum
502 957 676 1009 summasque
694 941 730 994 ad
749 941 868 994 Palladis
885 959 962 995 arces

149 1014 314 1069 Subvolritur
331 1033 429 1084 taragna
446 1021 565 1070 matrum
583 1019 679 1084 regina
696 1021 812 1084 caterva,

149 1090 227 1144 Dona
243 1092 340 1158 ferens,
358 1093 489 1162 iuxtaque
507 1110 597 1146 eomes
616 1094 727 1146 Lauinia
744 1093 827 1162 virge,

150 1166 251 1220 Caussa
268 1168 331 1220 nrali
351 1170 428 1235 tanti,
446 1170 537 1223 oculos
555 1170 663 1223 deiecta
681 1170 803 1224 decoros.
924 1163 927 1170 ⁴
960 1183 998 1223 eso

149 1242 303 1297 Succedunt
320 1251 429 1312 matres,
447 1249 476 1299 et
493 1247 626 1313 templum
644 1251 707 1299 ture
724 1251 864 1314 vaporant,

150 1317 186 1370 Et
203 1324 321 1373 maestas
338 1321 393 1373 alto
411 1321 485 1374 fun’r
496 1325 527 1374 nt
546 1321 582 1373 de
599 1321 691 1375 limine
710 1339 801 1376 voees:

149 1395 333 1464 Armipotens,
350 1411 459 1464 praeses
477 1397 549 1463 belli,
566 1397 687 1450 Tritonia
705 1399 788 1466 virgo,

148 1475 255 1544 Frange
272 1488 355 1531 manu
373 1471 458 1524 telum
479 1471 589 1540 Phrygii
607 1473 760 1540 praedonis,
778 1478 807 1526 et
825 1473 913 1542 ipsum

149 1551 266 1605 Pronum
285 1556 378 1605 sterne
396 1548 459 1616 solo,
477 1548 620 1618 portisque
638 1549 748 1602 effunde
766 1549 817 1603 sub
835 1549 905 1602 altis
961 1567 997 1606 ess

149 1626 273 1696 Cingitur
289 1625 458 1696 ipse‘iurens
475 1625 601 1678 certatim
619 1625 647 1678 in
664 1626 768 1694 proelia
785 1626 898 1678 Tunius.

150 1703 263 1772 lamque
281 1704 349 1756 adeo
370 1697 503 1756 Rutulum
522 1701 635 1754 thoraca
652 1700 766 1754 indutus
783 1701 859 1754 aenis

150 1780 288 1834 Horrebat
305 1777 433 1848 squamis,
452 1793 584 1844 surasque
602 1777 750 1831 incluserat
767 1794 839 1840 auro,

149 1855 281 1924 Tempora
297 1855 387 1908 nudus
405 1851 502 1917 adhuc,
521 1852 657 1920 laterique
676 1853 831 1906 accinxerat
849 1869 949 1920 ensem,

150 1931 336 1998 Fulgebatque
353 1931 410 1983 alta
427 1927 575 1980 decurrens
593 1945 692 1981 aureus
710 1945 778 1995 aree,
959 1943 997 1981 rao

149 2007 328 2074 llxsultatque
345 2005 449 2071 aninris,
468 2006 496 2055 et
513 2020 561 2071 spe
578 2004 632 2056 iam
650 2005 784 2072 praecipit
801 2003 920 2058 hostem:

149 2083 242 2144 Qualis
259 2081 306 2134 ubi
324 2081 448 2148 abruptis
466 2078 538 2146 fugit
557 2081 700 2148 praesepia
719 2079 813 2133 vinclis

148 2159 268 2212 Tandem
286 2157 356 2211 liber
373 2173 467 2225 equus,
485 2171 635 2224 campoque
652 2156 756 2224 potitus
773 2160 870 2224 aperto

153 2239 208 2290 Aut
225 2235 271 2288 ille
288 2233 315 2286 in
333 2238 429 2301 pastus
446 2235 625 2300 armentaque
643 2233 735 2285 tendit
752 2248 892 2300 equarum,

151 2316 208 2367 Aut
225 2311 357 2365 adsuetus
374 2326 461 2378 aquae
478 2309 606 2377 perfundi
625 2308 735 2362 {lumine
752 2312 817 2361 noto
961 2323 997 2362 sos

151 2390 261 2454 Emicat,
278 2385 445 2453 arrectisque
462 2384 557 2438 fremit
574 2383 725 2438 cervicibus
739 2384 794 2438 alte

152 2464 308 2527 Luxuriam,
326 2461 480 2528 luduntque
497 2460 578 2514 iubae
595 2477 646 2529 per
663 2461 737 2525 colla,
754 2477 805 2528 per
822 2475 918 2512 armos

149 2540 236 2595 Obvia
254 2538 304 2603 cui,
322 2536 482 2590 Volscorum
500 2537 558 2590 acie
575 2537 729 2601 eomitante,
745 2534 859 2589 Camilla

150 2616 283 2681 Occurrit,
300 2613 440 2683 portisque
458 2612 493 2666 ab
511 2629 581 2682 equo
598 2612 694 2680 regina
712 2611 763 2664 sub
781 2611 848 2680 ipsis

150 2692 275 2758 Desiluit,
293 2707 375 2760 quam
393 2694 453 2745 tota
470 2690 567 2743 cohors
585 2688 692 2742 imitata
709 2687 810 2741 relictis
962 2704 998 2741 eoo

150 2768 198 2824 Ad
214 2772 318 2822 terram
337 2767 453 2821 defluxit
471 2766 565 2834 equis;
583 2769 642 2818 tum
660 2764 728 2818 talia
744 2764 832 2818 fatur:

149 2845 246 2910 Turne,
265 2845 306 2897 sui
324 2843 423 2897 merito
441 2843 464 2895 si
483 2859 537 2910 qua
555 2846 598 2894 est
615 2840 715 2894 fiducia
731 2840 804 2905 forti,

152 2921 250 2976 Audeo
268 2925 297 2974 et
318 2920 478 2974 Aeneadum
496 2918 627 2986 promitto
645 2933 788 2971 occurrere
805 2919 934 2984 turmae¹

150 2998 266 3066 Solaque
284 2996 437 3065 Tyrrhenos
454 2995 562 3062 equites
579 2994 620 3047 ire
638 2993 717 3047 obvia
734 2996 835 3047 eontra.

150 3075 197 3128 Me
215 3075 273 3126 sine
290 3073 378 3140 prima
394 3088 476 3124 manu
493 3073 630 3139 temptare
647 3070 767 3140 pericula
785 3068 865 3122 belli:
963 3079 997 3122 sos

149 3151 191 3203 'lu
208 3149 294 3218 pedes
311 3147 347 3201 ad
365 3163 456 3202 muros
474 3147 599 3214 subsiste,
617 3149 647 3200 et
664 3145 770 3199 moenia
786 3161 871 3198 serra.

151 3226 257 3278 mumus
274 3225 310 3278 nd
327 3223 401 3290 haec,
420 3223 510 3278 oeulos
527 3221 663 3277 horrenda
679 3221 707 3274 in
726 3220 830 3286 virgine
848 3220 932 3277 fixus:
