2266 3562
119 149 149 194 42
358 149 385 196 P.
405 148 560 197 'VERGILI
578 147 746 196 MARONIS

120 225 244 296 Victima,
262 245 343 296 saepe
361 235 409 281 tuo
428 227 533 298 perfusi
552 228 662 283 flumine
681 247 765 298 sacro,

119 306 253 358 ltomanos
271 305 308 358 ad
325 305 429 374 templa
447 305 529 358 deum
547 306 651 359 duxere
669 307 828 375 triumphos.

119 383 171 434 llic
188 399 236 435 ver
254 382 399 435 adsiduum
418 366 503 450 alque
522 383 616 436 alienis
634 383 771 436 mensibus
790 387 898 451 aestas;

118 460 165 512 bis
182 460 312 528 gravidae
329 459 457 527 pecudes,
474 459 516 512 bis
534 460 620 528 pomis
638 459 713 512 utilis
731 460 817 514 arbos.
940 477 975 516 iao

119 539 158 590 At
175 537 288 590 rabidae
306 537 391 603 tigres
410 535 509 588 absunt
528 539 557 589 et
576 553 656 589 saeva
673 535 782 589 leonum

117 613 232 681 Semina,
251 631 301 666 nec
320 613 433 666 miseros
451 611 548 664 fallunt
566 613 673 666 aconita
690 612 814 682 legentis,

117 688 174 743 Nee
191 691 264 759 rapit
281 690 417 743 inmensos
435 687 508 740 orbis
526 705 575 756 per
592 689 711 756 humum,
730 705 818 757 neque
837 695 914 744 tauto

117 767 268 834 Squameus
285 767 313 819 in
332 767 432 834 spiram
450 769 541 818 tractu
560 781 588 818 se
607 765 711 832 colligit
729 767 831 833 anguis,

119 843 200 897 Adde
218 847 261 898 tot
280 844 404 913 egregias
422 841 504 895 urbes
524 859 690 910 operumque
709 841 838 910 laborem,
939 859 974 897 155

117 919 168 973 'lot
186 925 316 990 congesta
335 937 415 973 manu
434 919 588 987 praeruptis
607 918 706 986 oppida
725 919 805 986 saxis,

118 997 295 1066 Fluminaque
313 997 439 1066 antiquos
458 994 673 1048 subterlabentia
690 1013 788 1050 muros.

118 1076 161 1126 An
174 1091 256 1143 mare,
269 1075 343 1143 quod
356 1090 444 1141 supra,
457 1088 614 1139 memorem,
628 1072 756 1140 quodque
769 1072 856 1126 adluit
868 1072 956 1126 infral

117 1151 197 1202 Anne
215 1150 289 1203 lacus
307 1154 405 1214 tantos,
424 1154 460 1214 tc,
481 1148 543 1200 Lari
562 1165 696 1214 maxume,
715 1153 805 1216 teque,

117 1225 257 1280 Fluctibus
276 1233 304 1279 et
322 1226 433 1278 fremitu
453 1225 604 1292 adsurgens
624 1224 732 1277 Benace
750 1226 872 1279 marino?
938 1243 974 1280 reo

117 1303 161 1354 An
179 1320 327 1356 memorem
346 1305 442 1370 portus
461 1301 632 1369 Lucrinoque
651 1301 747 1354 addita
765 1302 882 1355 claustra

115 1381 210 1446 Atque
226 1378 398 1446 indignatum
417 1379 521 1444 magnis
544 1378 705 1430 stridoribus
723 1395 832 1446 aequor,

116 1454 184 1507 Iulia
202 1472 255 1524 qua
274 1459 357 1523 ponto
375 1455 455 1522 longe
475 1459 553 1506 sonat
571 1454 644 1506 unda
662 1455 753 1507 refuso

114 1531 323 1600 Tyrrhenusque
341 1532 419 1585 iretis
437 1531 586 1584 inmittitur
605 1534 697 1584 aestus
718 1533 855 1586 Avernisl

115 1607 191 1660 llaec
210 1608 306 1662 eadem
325 1609 432 1676 argenti
451 1608 523 1662 rivos
542 1608 668 1674 aerisque
686 1609 796 1660 metalla
936 1628 972 1664 1ea

114 1683 244 1738 Ostendit
262 1685 344 1752 venis,
363 1689 446 1754 atque
466 1701 531 1737 auro
550 1683 667 1750 plurima
684 1683 770 1736 fiuxit.

117 1760 191 1813 Haec
208 1779 293 1829 genus
312 1779 374 1814 acre
393 1762 489 1826 virum,
510 1761 623 1826 Marsos,
645 1759 800 1828 pubemque
819 1761 961 1826 Sabellam,

116 1837 324 1906 Adsuetamque
342 1839 413 1890 malo
433 1837 568 1904 Ligurem,
591 1835 757 1905 Volscosque
775 1842 884 1890 verutos

115 1913 227 1979 Extulit,
246 1913 311 1966 haee
330 1914 434 1978 Decios,
455 1913 562 1979 Marios,
582 1930 747 1982 magnosque
767 1913 900 1980 Camillos

114 1989 253 2058 Scipiadas
272 1989 354 2042 duros
372 1989 451 2057 bello,
470 1993 498 2042 et
517 1994 552 2058 te,
571 2006 697 2042 maxume
716 1989 823 2056 Caesar,
936 2007 971 2043 uo

115 2065 166 2130 Qui
183 2083 254 2118 nune
272 2066 402 2118 extremis
422 2066 505 2119 Asiae
522 2066 575 2120 iam
594 2067 724 2118 victorin
742 2066 796 2119 oris

115 2140 248 2195 Inbellem
268 2143 368 2195 avertis
388 2141 515 2195 Romanis
533 2142 639 2196 arcibus
659 2142 768 2195 Indum.

115 2219 201 2286 Salve,
221 2235 319 2286 magne
336 2237 435 2288 parens
453 2219 570 2287 frugum,
590 2219 716 2272 Saturnia
734 2220 822 2288 tellus,

115 2295 215 2363 Magna
232 2297 334 2361 virum3
352 2295 402 2348 tibi
420 2313 464 2348 res
483 2296 612 2364 antiquae
632 2294 721 2348 laudis
739 2299 768 2349 et
785 2299 852 2351 artis

116 2371 265 2440 ingredior,
285 2376 392 2426 sanctos
411 2389 493 2425 ausus
511 2372 653 2426 recludere
671 2373 762 2440 fontis,
932 2393 967 2430 irs

114 2449 318 2518 Ascraeumque
337 2466 403 2501 cano
423 2448 545 2502 Romana
563 2468 613 2518 per
633 2450 732 2520 oppida
749 2467 863 2504 carmen.

148 2525 227 2578 Nunc
245 2525 318 2578 locus
336 2540 461 2578 errorum
480 2525 599 2594 ingeniis
620 2526 806 2596 quae-robora
824 2528 929 2596 cuique,

114 2602 178 2666 Quis
196 2602 276 2668 color,
295 2605 324 2654 et
343 2619 412 2669 quae
431 2602 466 2656 sit
484 2602 567 2657 rebus
585 2608 683 2657 natura
702 2603 827 2656 ferendis.

116 2677 240 2730 Difficiles
258 2680 375 2745 primum
393 2683 484 2734 terrae
503 2681 639 2749 collesque
656 2680 774 2747 maligni,

113 2754 210 2809 'lenuis
228 2755 275 2808 ubi
293 2757 388 2824 argilla
407 2761 434 2810 et
454 2756 572 2810 dumosis
592 2757 709 2811 calculus
727 2757 806 2822 arvis,
933 2774 968 2812 rae

115 2832 235 2885 l’alladia
252 2835 373 2899 gaudent
392 2835 457 2887 silva
474 2836 572 2888 vivacis
590 2835 684 2887 olivae.

114 2909 217 2962 Iudicio
235 2913 278 2962 ost
296 2914 386 2964 tractu
404 2928 516 2978 surgens
537 2913 654 2965 oleaster
672 2909 769 2962 eodem

114 2985 248 3038 Plurimus
266 2990 295 3040 et
314 2989 393 3042 strati
410 2988 484 3040 bacis
504 2988 672 3042 silvestribus
690 2985 756 3054 agri.

113 3063 153 3115 At
171 3079 241 3132 quae
259 3065 365 3132 pinguis
384 3065 482 3118 liumus
501 3064 626 3134 dulcique
645 3064 746 3132 uligine
763 3063 845 3129 laeta,

113 3136 220 3208 Quique
237 3141 367 3210 frequens
386 3140 476 3193 herbis
495 3141 524 3192 et
541 3141 639 3194 fertilis
655 3139 741 3194 ubere
759 3157 901 3207 campus*
934 3157 967 3194 rsa

113 3214 226 3274 Qualem
244 3233 325 3286 saepe
343 3233 409 3271 cava
426 3219 526 3268 montis
544 3217 664 3270 convalle
684 3217 801 3270 solemus
