2266 3562
377 708 406 758 P.
430 705 585 756 VERGILI
608 701 775 753 MARONIS

346 829 383 904 G
401 829 435 902 E
455 829 489 903 O
508 828 546 900 R
565 827 601 902 G
619 826 640 898 Ι
659 824 690 900 O
709 824 743 899 O
764 821 802 896 N

412 994 530 1048 arnna
556 991 741 1058 ouranos.

529 1168 628 1197 --4—

151 1317 294 1370 Puomuus
313 1316 380 1370 aerii
399 1315 487 1370 mellis
506 1315 634 1368 caelestia
653 1314 724 1366 dona

151 1393 300 1461 llxsequar.
338 1392 417 1445 Hanc
435 1391 526 1457 etiam,
546 1391 697 1457 Maecenas,
716 1391 806 1458 aspice
825 1394 938 1458 partem

156 1469 327 1522 Admiranda
345 1468 396 1521 tibi
414 1467 515 1520 levium
534 1466 688 1535 spectacula
706 1483 798 1520 rerum

152 1543 399 1612 Magnanimosque
418 1544 501 1597 duces
520 1543 660 1610 totiusque
680 1542 775 1596 ordine
793 1543 884 1610 gentis

150 1621 243 1675 Mores
263 1625 292 1674 ot
311 1621 402 1674 studia
421 1624 449 1674 et
466 1620 579 1689 populos
598 1625 626 1673 ct
645 1620 748 1688 proelia
769 1619 865 1672 dicam.
994 1635 1007 1672 s

135 1691 184 1752 'In
202 1698 279 1752 tenui
299 1697 391 1762 labor;
413 1701 442 1750 at
461 1697 551 1750 tenuis
570 1714 623 1750 nou
643 1696 737 1764 gloria,
758 1697 879 1764 siquem

151 1775 271 1828 Numina
290 1775 366 1828 laeva
386 1775 477 1826 sinunt
497 1773 629 1840 auditque
649 1776 761 1826 vocatus
781 1773 887 1841 Apollo.

187 1851 322 1920 Principio
343 1850 422 1904 sedes
441 1849 537 1918 apibus
558 1851 695 1917 statioque
713 1849 840 1920 petenda,

151 1930 210 1997 Quo
229 1943 319 1997 neque
337 1928 373 1981 sit
391 1929 480 1982 ventis
501 1928 696 1993 aditus—nam
715 1927 815 1996 pabula
833 1929 906 1981 venti

151 2005 235 2059 Ferre
248 2006 359 2058 domum
373 2004 644 2074 prohibent-neque
658 2023 721 2058 oves
733 2005 869 2073 haedique
881 2005 981 2073 petulci

151 2082 275 2136 Floribus
294 2081 433 2147 insultent,
454 2086 502 2134 aut
522 2097 615 2134 errans
635 2081 733 2136 bucula
751 2099 846 2150 campo
985 2095 1007 2131 11

152 2159 279 2214 Decutiat
298 2175 396 2223 rorem,
417 2162 446 2211 et
465 2157 602 2225 surgentis
621 2161 725 2212 atterat
742 2158 847 2211 herbas.

152 2235 251 2294 Absint
270 2239 298 2288 et
317 2235 383 2304 picti
404 2235 557 2303 squalentia
577 2239 656 2302 terga
673 2235 768 2287 lacerti

152 2311 301 2378 Pinguibus
320 2331 336 2365 a
356 2311 479 2378 stabulis
501 2328 689 2380 meropesque,
709 2312 832 2381 aliaeque
849 2312 981 2369 volucres.

152 2389 188 2442 Et
208 2389 330 2442 manibus
351 2389 455 2442 Procne
475 2393 570 2458 pectus
590 2390 696 2457 signata
714 2388 847 2454 eruentis3
985 2404 1008 2442 rs

152 2465 249 2518 Omnia
267 2483 330 2518 uam
349 2467 404 2520 late
424 2470 540 2534 vastant,
561 2468 689 2536 ipsasque
709 2467 823 2520 volantis

152 2542 207 2596 Ore
225 2542 318 2596 lerunt
338 2543 444 2596 dulcem
465 2544 537 2598 nidis
555 2544 695 2598 inmitibus
716 2561 811 2597 eseam.

153 2621 193 2674 At
211 2619 306 2688 liquidi
325 2621 414 2674 fontes
435 2627 463 2676 et
484 2625 581 2689 stagna
600 2623 715 2676 virentia
733 2638 824 2674 musco

153 2698 262 2765 Adsint,
282 2703 310 2752 et
329 2701 418 2752 tenuis
438 2701 543 2768 fugiens
563 2717 613 2768 per
631 2700 753 2768 grumina
770 2699 851 2765 rivus,

153 2775 301 2844 Palmaque
322 2777 485 2830 vestibulum
505 2781 552 2831 aut
571 2778 667 2846 ingens
687 2777 803 2830 oleaster
821 2774 968 2838 inumbret,

152 2851 199 2919 Ut,
219 2869 279 2906 cum
298 2853 387 2920 prima
405 2855 467 2907 novi
488 2855 588 2908 ducent
608 2854 732 2908 examina
749 2869 828 2920 reges
986 2863 1010 2902 al

153 2929 226 2984 Vere
245 2947 300 2997 suo,
320 2929 452 2999 ludetque
470 2933 538 2986 favis
552 2931 655 2992 ,emissa
673 2931 805 2995 iuventus,

153 3007 248 3062 Vicina
266 3007 363 3060 invitet
384 3007 518 3064 decedere
537 3011 597 3077 ripa
616 3009 705 3072 calori,

153 3086 296 3153 Obviaque
313 3085 437 3154 hospitiis
455 3089 547 3141 teneat
564 3085 756 3139 frondentibus
774 3083 861 3136 arbos.

154 3161 187 3216 In
206 3162 335 3226 medium,
355 3179 402 3216 seu
421 3163 505 3218 stabit
523 3165 603 3224 iners,
624 3179 672 3215 scu
691 3162 809 3230 profluet
827 3159 931 3223 humor,
987 3171 1010 3208 re

154 3241 334 3294 nmnsversas
353 3239 447 3292 salices
465 3245 494 3293 ot
512 3240 626 3306 grandia
644 3238 746 3291 coniice
764 3253 836 3300 saxa,
