2268 3570
387 150 570 202 AENEIDOS
590 151 659 202 LIB.
678 153 744 204 Xll.
963 153 1006 198 337

153 231 210 288 Nec
229 232 348 301 spatium
367 229 455 285 erasit
473 233 570 298 totum,
589 247 678 300 neque
696 233 812 302 pertulit
831 234 921 288 ictum.

153 309 195 362 Ao
212 307 327 361 velutin
346 306 454 374 somnis,
474 307 565 360 oculos
583 307 630 360 ubi
648 308 778 377 languida
795 309 896 378 pressit

152 384 240 438 Nocte
259 383 343 452 quies,
362 383 528 451 nequiquam
546 383 639 437 avidos
658 385 807 439 extendere
825 401 921 440 cursus

153 461 233 514 Velle
251 460 382 524 videmur,
401 460 475 512 etin
493 459 592 512 mediis
610 461 753 515 conatibus
770 460 844 529 aegri
970 477 1007 514 aro

153 537 336 600 Succidimus;
359 553 413 590 non
431 535 524 603 lingua
541 537 620 600 valet,
639 554 692 590 nou
711 553 824 607 corpore
842 539 925 591 notae

154 613 297 666 Sufficiunt
314 613 394 679 vires,
412 628 462 665 uec
480 628 531 664 vox
550 616 598 666 aut
616 614 700 667 verba
719 615 885 682 sequuntur:

154 689 198 743 Sic
217 689 314 756 Turno,
334 704 504 757 quacumque
522 687 593 741 viam
612 689 714 744 virtute
732 690 838 759 petivit,

154 765 313 819 Successum
332 763 384 817 dca
402 764 463 816 dira
480 767 571 831 negat.
609 765 676 818 Tum
695 770 807 834 pectore
825 781 920 820 sensus

154 841 310 894 Vertuntur
327 841 411 903 varii;
437 840 554 892 Rutulos
572 841 715 909 adspectat
732 845 762 896 ct
779 841 883 909 urbem,
970 858 1006 896 au

154 917 358 985 Cunctaturque
376 920 459 981 metu,
478 916 619 984 telumque
637 919 740 972 instare
758 919 915 982 tremescit;

154 993 221 1062 Nec,
239 1010 293 1062 quo
312 1009 341 1046 se
359 991 465 1059 eripiat,
482 1008 539 1057 nce,
559 1010 613 1060 qua
631 994 656 1046 vi
675 995 772 1048 tendat
789 995 817 1047 in
835 994 949 1060 hostem,

155 1069 180 1122 N
183 1086 214 1123 cc
232 1085 327 1121 currus
345 1084 459 1136 usquam
479 1067 556 1122 videt
573 1071 750 1139 aurigamque
769 1086 897 1124 sororem.

155 1144 298 1199 Cunctanti
319 1143 404 1196 telum
424 1145 532 1196 Aeneas
550 1144 634 1198 fatale
652 1151 783 1210 coruscat

156 1221 274 1274 Sortitus
290 1221 427 1272 fortunam
446 1219 538 1287 oculis,
557 1224 586 1274 et
601 1238 713 1290 corpore
731 1227 791 1276 toto
971 1237 1007 1274 aro

156 1297 268 1350 Emiuus
287 1297 434 1363 intorquet.
472 1295 572 1350 Murali
589 1298 694 1351 concita
711 1315 859 1367 numquam

156 1373 301 1426 'Fermento
320 1372 357 1424 sie
376 1388 441 1424 saue
453 1371 580 1440 fremunt,
599 1391 649 1427 nec
666 1374 779 1427 fulmine
796 1375 866 1428 tanti

157 1449 309 1502 Dissultant
330 1448 458 1515 crepitus.
495 1449 579 1503 Volat
596 1451 650 1503 atri
668 1450 786 1504 turbinis
804 1451 891 1503 instar

158 1525 279 1578 Exitium
298 1524 387 1578 dirum
407 1524 486 1576 hasta
503 1525 601 1592 ferens,
620 1543 735 1594 orasque
753 1525 870 1579 recludit

158 1601 268 1653 Lorieae
287 1605 315 1652 et
333 1599 412 1666 clipei
430 1604 567 1653 extremos
586 1601 769 1670 septemplicis
785 1601 865 1656 orbis.
887 1663 889 1667 ¹
971 1618 1006 1655 aaa

159 1677 212 1730 l’er
229 1676 349 1729 medium
368 1675 486 1728 stridens
504 1677 604 1730 transit
622 1678 716 1730 femur.
753 1677 854 1730 Incidit
871 1677 942 1731 ictus

159 1753 258 1820 Ingens
276 1752 312 1805 ad
330 1755 433 1805 terram
451 1752 590 1820 duplicato
608 1753 711 1821 poplite
731 1754 844 1808 Tamus.

158 1829 332 1896 Consurgunt
350 1828 456 1894 gemitu
475 1828 718 1898 Rutulitotusquc
737 1830 855 1898 remugit

158 1905 238 1958 Mona
256 1904 364 1967 circum,
383 1907 412 1957 et
430 1921 523 1957 vocem
542 1905 597 1959 late
616 1923 728 1960 nemora
745 1905 800 1959 alta
818 1907 971 1960 remittunt.

159 1980 210 2034 llle
234 1979 343 2032 humilis
371 1980 541 2048 supplexque
567 1981 658 2034 oeulos
687 1981 868 2050 dextramque
894 2000 1006 2051 precan-

226 2060 282 2109 tem
968 2074 1006 2112 930

159 2132 336 2198 Proteudeus‚
355 2131 490 2199 Equidem
509 2135 603 2203 merui,
622 2152 672 2189 nec
691 2136 828 2203 deprecor,
847 2135 952 2204 iuquit;

157 2209 245 2261 Utere
264 2211 338 2260 sorte
356 2209 412 2260 tua.
448 2209 543 2262 Miseri
561 2217 591 2264 te
609 2214 631 2264 si
651 2230 705 2280 qua
722 2213 844 2279 parentis

157 2285 280 2351 Tangere
298 2299 362 2336 cura
380 2287 478 2350 potest,
498 2286 642 2352 oro,—fuit
655 2292 683 2341 et
701 2287 752 2341 tibi
771 2287 833 2341 talis

158 2359 292 2414 Anchises
309 2359 544 2426 genitor—Dauni
563 2363 693 2417 miserere
711 2367 844 2431 senectae,

157 2437 194 2488 Et
211 2452 263 2502 mc,
283 2451 330 2488 scu
348 2451 447 2502 corpus
466 2437 613 2504 spoliatum
632 2439 734 2492 lumine
751 2439 844 2507 mavis,
971 2457 1006 2495 aas

158 2510 256 2564 Redde
273 2511 348 2564 meis.
385 2510 492 2579 vicisti,
511 2517 540 2566 et
558 2514 660 2568 victum
678 2516 792 2569 tendere
809 2516 913 2582 palmas

159 2586 272 2639 Ausonii
291 2587 399 2651 videre;
421 2591 531 2642 tuaest
551 2590 663 2643 Lavinia
681 2593 809 2645 coniunx:

158 2662 280 2714 Ulterius
298 2679 332 2715 ue
351 2663 434 2716 tende
453 2664 529 2717 odiis.
567 2667 650 2719 Stetit
669 2683 731 2720 acer
749 2669 777 2720 in
795 2668 878 2721 armis

158 2739 272 2804 Aeneas,
292 2739 402 2792 volvens
420 2740 516 2803 oeulos
535 2741 716 2811 dextramque
734 2745 879 2812 repressit;

156 2815 192 2869 llt
209 2814 264 2867 iam
282 2815 391 2883 iamque
409 2816 495 2882 magis
513 2821 686 2872 cunctantem
704 2820 816 2874 flectcre
835 2837 923 2873 sermo
971 2838 1007 2873 oro

157 2892 299 2960 Coeperat,
317 2891 411 2943 infelix
430 2891 543 2945 humero
561 2910 622 2946 cum
641 2895 770 2964 adparuit
788 2895 843 2950 alto

156 2967 269 3021 Balteus
286 2971 314 3020 et
332 2967 404 3020 uotis
422 2967 558 3023 fulserunt
576 2969 684 3039 cingula
700 2970 782 3024 bullis

157 3043 287 3096 Pallantis
305 3044 391 3112 puori,
410 3044 512 3098 vietum
531 3063 612 3114 quem
631 3047 743 3102 volnere
762 3048 868 3101 Turnus

156 3119 297 3173 Stravcrat
314 3122 398 3188 atque
416 3120 536 3176 humeris
554 3123 693 3179 inimicum
710 3124 814 3192 insigne
831 3123 951 3192 gerebat.

157 3195 214 3260 Ille,
233 3195 317 3249 oeulis
335 3201 480 3267 postquam
499 3200 573 3252 saevi
591 3204 766 3255 monumenta
784 3200 884 3254 doloris
964 3202 1005 3256 lara

155 3272 329 3345 Exuviasque
343 3274 442 3346 hausit,
460 3276 539 3330 iuriis
557 3293 693 3347 aecensus,
712 3281 741 3334 et
758 3277 799 3332 ira
