2278 3568
123 179 170 224 120
356 175 385 222 P.
404 172 560 221 VERGILI
578 169 745 219 MARONIS

122 257 187 326 Ipse
205 257 301 311 subibo
319 255 446 322 humeris,
465 271 517 308 nec
534 271 579 308 me
597 253 674 306 labor
691 252 744 306 iste
762 250 903 319 gravabit3

123 335 182 399 Quo
194 351 238 388 res
250 350 367 402 cumque
379 332 486 399 eadent,
499 349 583 384 uuum
596 334 625 384 et
637 345 779 384 commune
792 327 931 397 periclum,

122 411 184 464 Una
202 411 275 464 salus
293 409 424 463 ambobus
443 409 502 462 erit.
539 407 607 460 Mihi
624 423 725 476 parvus
745 405 821 458 Iulus
945 415 981 456 no
1011 444 1014 450 .

122 488 163 542 Sit
181 505 278 554 comes,
297 490 326 541 et
343 485 423 554 longe
443 489 534 539 servet
552 484 667 552 vestigia
684 483 809 537 coniunx.

123 563 187 632 Vos,
205 563 307 630 famuli,
327 579 397 632 quae
416 561 513 630 dicam,
533 561 630 614 animis
649 559 786 613 advertite
804 559 909 612 vestris

124 641 172 694 nst
189 640 258 694 urbe
277 640 394 708 egressis
412 639 534 692 tumulus
552 637 740 706 templumque
758 638 898 689 vetustum

123 717 255 771 Desertae
275 717 390 783 Cereris,
408 717 541 783 iuxtaque
559 715 672 783 antiqua
689 727 833 780 cupressus

123 793 265 861 Religione
283 797 393 862 patrum
412 792 512 846 multos
531 794 640 845 servata
657 806 708 858 per
725 805 816 843 annos.
945 801 981 843 715

125 870 202 924 llaue
220 887 254 924 ex
272 870 379 923 diverso
397 867 490 923 sedem
508 869 647 923 veniemus
665 867 693 920 in
710 882 799 919 unam.

123 946 170 1011 Tu,
189 947 303 1015 genitor,
322 963 388 1015 capo
407 963 484 999 sacra
502 963 584 998 uranu
601 944 760 1014 patriosque
779 940 906 1006 Penatis;

123 1021 177 1089 Me,
195 1023 268 1077 bello
286 1041 302 1076 e
320 1026 399 1076 tanto
417 1021 570 1091 digressum
589 1025 618 1076 et
636 1020 720 1075 caede
737 1018 849 1087 recenti,

124 1100 283 1154 Attreetare
301 1100 386 1166 nefas,
405 1098 491 1152 donec
509 1115 554 1152 me
571 1097 683 1151 flumine
701 1097 761 1149 vivo

124 1176 253 1229 Abluero.
944 1183 981 1224 rw

160 1252 236 1305 Haec
253 1252 334 1320 fatus,
352 1251 424 1306 latos
441 1251 568 1304 humeros
587 1250 763 1318 subiectaque
780 1248 849 1301 colla

123 1328 210 1382 Veste
227 1346 309 1397 super
326 1328 448 1397 fulvique
466 1328 604 1381 insternor
621 1326 692 1394 pelle
711 1325 803 1388 leonie,

123 1404 300 1472 Succedoque
318 1405 410 1466 oneri;
437 1404 552 1456 dextrae
571 1419 600 1455 se
618 1418 717 1475 parvus
736 1401 812 1453 Iulus

125 1481 254 1550 Inplicuit
272 1481 451 1549 sequiturque
471 1483 578 1546 patrem
596 1494 650 1530 non
667 1477 790 1546 passibus
809 1475 917 1543 aequis,

125 1557 198 1611 Pone
216 1557 289 1610 subit
307 1557 433 1609 coniunx.
471 1555 595 1608 Ferirnur
613 1569 764 1622 peropaca
782 1552 915 1614 locorum;
943 1565 979 1602 ns

123 1633 159 1686 ut
176 1650 229 1698 me,
249 1650 330 1702 quem
349 1632 454 1685 dudum
473 1649 526 1684 non
545 1631 600 1683 ulla
617 1629 716 1682 iniecta
734 1627 881 1681 movebant

124 1709 190 1763 'l'ela
206 1726 295 1777 neque
314 1709 428 1762 advorso
446 1706 590 1775 glomerati
608 1723 642 1758 ex
660 1705 767 1772 agmine
786 1703 868 1772 Graii,
914 1705 917 1710 '

124 1786 202 1839 Nune
220 1801 313 1839 omnes
330 1787 438 1838 terrent
455 1799 545 1848 aurae,
564 1797 645 1834 sonus
663 1781 765 1834 excitat
783 1781 872 1834 omnis
939 1803 941 1806 ·

124 1863 290 1932 Suspensum
309 1865 338 1914 et
356 1860 460 1929 pariter
478 1858 625 1926 comitique
643 1858 772 1926 onerique
790 1857 939 1911 timentem.

159 1939 272 2006 lamque
284 1935 500 2005 propinquabam
512 1935 608 2001 portis,
620 1950 782 2002 omnemque
794 1931 908 1986 videbar
943 1946 980 1986 reo

124 2015 249 2067 Erasisse
267 2014 344 2077 viam,
363 2011 453 2064 subito
472 2026 533 2063 eum
551 2009 647 2063 creber
665 2010 701 2064 ad
720 2011 792 2064 auris

124 2091 206 2143 Visus
218 2089 315 2142 adesse
327 2087 428 2156 pedum
441 2085 553 2153 sonitus,
565 2087 729 2156 genitorque
740 2104 791 2156 per
802 2085 928 2140 umbram

125 2165 302 2234 Prospiciens‚
321 2163 401 2230 Nate,
421 2162 563 2230 exclamat,
581 2163 654 2230 luge,
673 2168 753 2229 nute3
772 2164 962 2232 propinquant

126 2241 258 2294 Ardentis
276 2240 378 2309 clipeos
396 2242 480 2308 atque
499 2255 563 2292 aera
581 2240 708 2294 micantia
726 2256 815 2293 cerno.

126 2317 179 2369 llie
190 2316 255 2370 mihi
268 2316 445 2385 nescioquod
458 2316 568 2384 trepido
580 2317 651 2370 male
663 2333 763 2370 numen
776 2316 892 2370 amicum
945 2329 981 2369 7³⁵

125 2392 270 2446 Confusam
289 2393 390 2462 eripuit
408 2397 536 2447 mentem.
574 2392 700 2460 Namque
718 2392 779 2445 avia
796 2407 877 2446 eursu

129 2471 198 2522 Dum
216 2485 316 2538 sequor
334 2473 363 2523 et
380 2472 446 2522 nota
464 2467 566 2521 excedo
586 2469 698 2534 regione
717 2468 830 2535 viarum,

127 2545 205 2600 Heu!
225 2545 323 2598 misero
341 2546 456 2599 coniunx
474 2545 567 2596 fatone
585 2548 680 2612 erepta
699 2543 802 2597 Creusa
831 2544 834 2550 '

125 2620 263 2687 Substitit,
275 2621 411 2676 erravitne
429 2621 481 2689 via,
499 2636 547 2672 sou
566 2619 637 2672 lassa
654 2619 766 2687 resedit,

127 2697 282 2760 incertum;
303 2715 354 2751 nec
372 2701 437 2766 post
455 2696 539 2750 oeulis
559 2699 602 2748 est
620 2695 731 2748 reddita
748 2695 856 2748 nostris
947 2705 982 2748 no

126 2773 151 2825 N
153 2790 184 2827 ee
201 2773 277 2842 prius
295 2774 423 2827 amissnn
440 2772 549 2841 respexi
568 2772 742 2840 animumque
760 2769 863 2839 reflexi,
1028 2765 1030 2771 ⁴

126 2852 213 2916 Quam
232 2850 366 2903 tumulum
385 2849 514 2919 antiquae
532 2848 640 2901 Cereris
658 2848 807 2915 sedemque
824 2852 958 2902 sacratum

126 2926 274 2992 Venimus;
295 2926 338 2980 hie
356 2926 467 2980 demum
485 2925 606 2978 collectis
623 2923 749 2977 omnibus
766 2939 820 2976 unu

126 3004 228 3067 Defuit,
247 3007 276 3057 et
294 3003 407 3057 comites
424 3005 574 3070 natumque
592 3001 735 3068 virumque
753 2999 860 3054 fefellit.

126 3080 214 3145 Quem
226 3097 280 3133 non
291 3081 409 3134 incusavi
423 3095 516 3132 umens
528 3077 722 3146 bominumque
736 3076 912 3144 deorumque,
947 3088 982 3145 rat

127 3161 187 3211 Aut
204 3157 272 3226 quid
289 3158 318 3210 in
336 3173 431 3211 eversa
449 3155 504 3209 vidi
523 3155 660 3208 crudelius
678 3153 764 3208 arbel

135 3235 275 3288 iserniam
298 3233 490 3302 Anchisenque
508 3236 615 3302 patrem
635 3231 808 3299 Teucrosque
826 3227 940 3284 Penatis
