2278 3568
145 149 175 194 84
375 147 405 196 P.
423 147 578 196 VERGILI
596 149 762 200 MARONIS

145 229 241 282 Incute
259 229 313 282 vim
331 231 419 283 ventis
438 230 647 300 submersasque
665 233 751 288 obrue
768 236 875 305 puppis,

144 307 203 359 Aut
220 322 271 373 age
289 304 410 359 diversos
429 312 458 360 et
475 307 568 361 disiice
586 325 700 377 corpora
718 316 809 380 ponto.
974 327 998 368 ro

144 382 213 436 Sunt
231 382 296 435 mihi
315 382 356 435 bis
375 387 481 452 septem
499 386 652 453 praestanti
670 403 783 455 corpore
802 388 951 458 Nymphae,

144 459 265 523 Quarum
284 475 353 527 quae
370 459 458 512 forma
476 460 659 527 pulcherrima
678 462 806 532 Deiopea,

144 535 284 590 Connubio
302 535 412 604 iungam
432 536 523 589 stabili
541 539 733 607 propriamque
752 539 856 608 dicabo,

144 613 239 666 Omnis
256 616 288 665 ut
305 617 396 665 tecum
414 613 519 666 meritis
538 631 588 682 pre
606 615 707 668 talibus
726 632 810 670 annos

143 689 243 758 Erigat
262 694 291 743 et
309 688 421 758 pulchra
439 690 521 744 faciat
538 694 567 743 te
586 691 662 759 prole
680 696 828 761 parentem.
973 711 997 752 rt

66 824 70 831 ,
179 767 282 820 Aeolus
300 766 368 819 haec
386 770 494 820 eontra:
515 767 594 834 Tuus,
615 784 630 820 o
649 770 750 837 regina,
769 770 836 838 quid
854 775 939 839 optes,

143 842 293 912 Explorare
311 843 402 908 labor;
419 843 485 896 mihi
502 844 576 897 iussa
593 861 735 914 capessere
752 847 793 900 fas
811 850 860 901 est.

143 918 184 972 Tu
201 920 273 987 mihi,
293 920 483 990 quodcumque
501 919 552 973 hoc
570 922 654 989 regni,
672 925 704 976 tu
722 927 831 992 sceptra
850 924 997 992 lovemque

144 995 284 1064 Concilios,
302 1001 334 1050 tu
352 996 402 1049 das
420 996 507 1064 epulis
526 998 684 1052 accumbere
703 999 801 1068 divom,

143 1071 358 1140 Nimborurnque
376 1073 442 1126 iacis
460 1077 709 1144 tempestatumque
726 1079 872 1143 potentem.
973 1093 998 1130 eo

179 1149 255 1204 Haec
273 1149 320 1202 ubi
339 1150 419 1217 dieta,
438 1168 532 1204 casum
551 1167 682 1205 conversa
701 1153 812 1220 cuspide
830 1158 949 1207 montem

144 1224 248 1294 Inpulit
265 1226 294 1280 in
312 1226 398 1279 latus:
418 1243 449 1278 ac
467 1227 549 1292 renti,
567 1227 642 1280 velut
661 1229 769 1295 agmine
786 1230 862 1294 facto,

144 1301 203 1365 Qua
222 1303 288 1356 data
306 1306 394 1370 porta,
414 1301 497 1354 rurmt'
515 1307 544 1354 et
562 1306 652 1355 terras
670 1302 780 1357 turbine
797 1304 921 1367 perflant.

144 1378 296 1432 Incubuere
315 1378 391 1444 mari,
410 1381 554 1446 totumque
572 1396 589 1431 a
607 1379 718 1432 sedibus
735 1381 794 1433 imis

143 1454 204 1507 Una
224 1455 366 1522 Eunrsque
385 1454 529 1522 Notusque
547 1460 631 1508 ruunt
648 1455 798 1526 creberque
815 1457 941 1518 procellis
972 1474 996 1512 st

143 1531 259 1595 Africus,
278 1534 307 1584 et
326 1534 417 1584 vastos
435 1530 546 1584 volvunt
563 1531 600 1583 ad
618 1531 698 1586 litera
715 1533 820 1588 flnctus.

143 1606 302 1676 Insequitur
319 1605 474 1675 clamorque
492 1608 579 1661 virum
599 1609 754 1679 stridorque
772 1611 925 1666 rudentum.

142 1684 270 1752 Eripiunt
288 1683 379 1738 subito
397 1684 483 1738 nubes
502 1685 660 1754 caelumque
679 1687 805 1755 diemque

142 1760 305 1814 Teucrorum
325 1778 358 1815 cx
378 1761 462 1826 oculis
472 1783 478 1827 ;
497 1765 581 1829 ponto
600 1779 653 1815 nox
672 1763 782 1818 incubat
800 1769 864 1818 atra.

143 1837 291 1891 Intonuere
310 1838 372 1906 poli,
391 1841 420 1891 et
438 1837 540 1892 crebris
558 1840 642 1893 micat
660 1840 768 1908 ignibus
787 1841 888 1908 aether,
972 1856 996 1896 oo

143 1913 373 1982 Praesenternque
391 1915 455 1967 viris
473 1915 612 1968 intentant
631 1917 720 1970 omniu
736 1921 860 1971 mortem.

142 1991 286 2060 Extemplo
306 1994 418 2044 Aeneae
436 1991 580 2044 solvuntur
597 1992 700 2060 frigore
719 1993 856 2059 membra;

142 2067 268 2136 Ingemit,
287 2071 316 2121 et
334 2067 449 2137 duplicis
467 2069 585 2123 tendens
603 2071 639 2122 ad
658 2071 748 2124 sidera
765 2071 868 2141 palmas

142 2143 215 2198 Talia
233 2161 298 2199 voce
317 2146 415 2200 refert:
435 2145 458 2199 Ο
478 2150 576 2216 terque
595 2152 747 2217 quaterque
765 2148 847 2214 beati,

142 2219 207 2282 Quis
225 2226 289 2276 ante
307 2239 354 2276 ora
372 2228 482 2290 patrum
500 2223 597 2278 Troiae
615 2225 665 2277 sub
684 2225 824 2278 moenibus
843 2224 906 2276 altis
971 2237 996 2276 ee

141 2296 262 2364 ContigIt
280 2299 423 2368 oppetere!
442 2317 458 2352 o
477 2299 601 2354 Danaum
620 2301 767 2355 fortissime
785 2301 874 2364 gentis

141 2373 258 2441 Tydide!
278 2392 357 2428 mene
379 2375 468 2428 Iliacis
487 2377 648 2431 occumbere
666 2377 767 2444 campis

57 2445 61 2450 ’
142 2448 202 2502 Non
221 2451 341 2516 potuisse
361 2455 463 2520 tuaque
482 2453 599 2504 animam
620 2453 689 2505 hunc
707 2452 847 2505 effundero
866 2453 972 2518 dextra,

141 2525 241 2578 Saevus
259 2526 305 2579 ubi
326 2527 464 2580 Aeacidae
482 2528 539 2581 telo
558 2529 630 2582 iacet
650 2529 762 2596 Hector,
781 2528 828 2582 ubi
846 2528 943 2595 ingens

140 2601 288 2670 Sarpedon,
307 2602 354 2656 ubi
373 2606 415 2657 tot
436 2603 533 2658 Simois
551 2608 678 2672 correpta
697 2604 747 2657 sub
765 2605 844 2660 undis
962 2622 997 2658 roo

141 2678 223 2731 Scuta
240 2679 326 2732 virum
345 2680 491 2750 galeasque
512 2685 540 2734 et
558 2682 641 2734 fortia
660 2698 773 2749 corpora
791 2681 891 2736 volvitl

174 2755 248 2809 Talia
266 2757 379 2813 iactanti
398 2759 517 2812 stridens
539 2759 675 2827 Aquilone
694 2758 812 2827 procella

140 2829 239 2885 Velum
258 2834 374 2888 adversa
391 2836 464 2904 ferit,
484 2835 637 2904 fluctusque
657 2837 692 2890 ad
711 2836 802 2889 sidera
820 2835 898 2890 tollit

140 2908 314 2977 Franguntur
326 2913 417 2976 ·remi;
435 2917 494 2966 tum
512 2931 594 2982 prora
612 2915 720 2981 avortit,
740 2918 769 2966 et
787 2913 866 2966 undis

140 2984 196 3038 Dat
204 2985 275 3041 latus
285 3009 291 3052 ;
303 2989 457 3058 insequitur
467 2991 573 3042 cumulo
586 2995 751 3060 praeruptus
761 3007 847 3059 aquae
857 3006 940 3044 rnons.
959 3004 996 3044 10⁶

141 3061 178 3115 Hi
197 3081 301 3118 summo
318 3067 346 3119 in
365 3067 449 3120 lluetn
468 3067 604 3133 pendent;
622 3068 664 3121 his
681 3069 756 3122 unde
776 3068 918 3122 dehiscens

140 3140 250 3194 Terram
268 3143 340 3195 inter
358 3143 456 3197 flnctus
474 3145 580 3213 aperit;
598 3146 665 3198 furit
683 3149 774 3198 aestus
793 3145 889 3198 arenis.

85 3236 87 3242 ·
140 3215 199 3270 Tris
217 3218 307 3272 Notus
325 3219 453 3290 abreptas
471 3222 498 3276 in
518 3238 583 3275 sara
601 3221 716 3275 latentia
735 3223 881 3288 torquet-
