2278 3568
406 141 589 190 Annumos
606 141 676 192 ΜΒ,
695 143 747 192 ΙΙΙ.
955 150 1000 196 129

151 219 287 276 lamando
296 241 303 287 ;
320 225 381 276 tum
398 239 450 276 vox
468 225 589 277 taetrum
608 223 669 278 dira
685 224 758 278 inter
776 225 896 282 odorem.

150 296 270 352 Rursum
288 299 316 352 in
334 314 443 353 secessu
460 297 540 366 longo
559 299 609 354 sub
627 317 696 370 rupe
714 305 817 370 cavato,

150 374 305 430 Arboribus
316 374 400 428 clausi
412 375 513 428 circum
526 380 609 445 atque
621 377 796 432 horrentibus
807 378 918 446 umbris,
966 395 1001 434 mo

150 452 314 506 Instminms
332 468 438 505 mensas
456 451 565 521 arisque
583 455 739 524 reponimus
757 451 863 523 lignem:

150 529 268 582 Rursum
287 545 322 580 ex
340 527 448 582 diverso
466 529 534 582 caeli
551 531 692 599 caecisque
709 532 824 588 latebris

145 605 241 658 Turba
259 621 357 658 sonans
374 605 505 674 praedam
523 607 639 674 pedibus
657 609 833 664 circumvolat
850 611 933 678 uncis,

149 681 251 735 Polluit
269 698 316 736 ore
335 681 427 750 dapes.
463 683 547 737 Sociis
564 688 636 750 tnnc,
655 701 732 738 arma
750 691 900 755 capessant,

149 759 242 826 ildico,
261 761 289 812 et
308 757 367 812 dira
385 759 486 812 bellum
505 777 566 813 eum
583 765 665 828 gente
682 763 842 828 gerendum.
965 779 1001 817 au

149 834 235 888 Haud
253 851 330 888 secus
349 853 380 890 ac
398 836 464 889 iussi
482 835 593 903 faciunt,
611 840 755 905 tectosque
774 855 823 905 per
839 838 952 894 herbam

149 911 304 981 Dispcnunt
322 928 401 966 enses
419 917 448 966 ct
467 915 543 966 scuta
560 912 674 966 latentia
691 913 818 967 condunt.

149 987 223 1056 Ergo
240 988 287 1041 ubi
305 987 432 1056 delapsae
450 987 569 1041 sonitum
586 1005 636 1056 per
653 1004 738 1041 curva
755 987 858 1043 dedere

149 1064 251 1132 Litora,
269 1065 318 1119 dat
337 1065 443 1132 signum
462 1064 571 1132 specula
588 1064 712 1117 Misenus
730 1065 765 1118 ab
783 1065 840 1118 alta

150 1143 224 1195 Aere
242 1158 313 1195 cavo.
352 1141 491 1194 Invadunt
508 1140 580 1209 socii,
599 1143 628 1194 et
646 1157 716 1198 nova
733 1141 836 1211 proelia
853 1146 999 1213 temptant,

149 1218 287 1272 Obscenas
305 1219 394 1288 pelagi
411 1218 484 1272 ferro
501 1218 613 1272 foedare
631 1218 760 1272 volueres
964 1237 999 1276 aar

148 1295 204 1350 Sed
221 1311 310 1364 neque
328 1296 383 1349 vim
401 1295 500 1364 plumis
517 1295 600 1348 ullam
618 1312 668 1349 nec
686 1295 796 1350 volnera
813 1299 892 1365 tergo

149 1373 301 1441 Accipiunt,
320 1373 456 1440 celerique
474 1372 539 1440 fuga
556 1372 607 1426 sub
626 1371 717 1426 sidera
735 1373 826 1442 lapsae

148 1449 295 1503 Semiesam
314 1449 445 1518 praedam
463 1453 491 1503 et
509 1449 623 1516 vestigia
641 1449 721 1503 foeda
738 1450 902 1519 relinquunt.

150 1525 210 1580 Una
227 1527 256 1580 in
273 1525 410 1594 praecelsa
428 1526 552 1580 consedit
569 1543 637 1595 rupe
657 1526 782 1592 Celaeno,
963 1543 998 1581 aa

149 1603 247 1656 Infelix
265 1607 348 1668 vates,
367 1602 524 1670 rumpitque
542 1602 611 1656 hanc
628 1605 740 1670 pectore
757 1619 864 1656 vocem:

149 1679 255 1733 Bellum
273 1679 354 1732 etiam
373 1695 423 1747 pro
441 1678 525 1732 caede
543 1678 626 1731 boum
645 1677 796 1747 stratisque
813 1679 940 1748 iuuencis,

148 1755 405 1822 Laomedontiadae,
425 1755 563 1809 bellumne
580 1755 680 1808 inferre
697 1755 801 1823 paratis

148 1833 184 1885 Et
201 1833 288 1902 patrio
308 1833 444 1902 Harpyias
462 1832 577 1886 insontis
595 1831 697 1900 pellere
715 1833 816 1899 regnol

149 1909 272 1978 Accipite
289 1925 355 1977 ergo
374 1909 470 1962 animis
488 1913 570 1978 atque
589 1909 655 1962 haee
673 1925 734 1961 mea
752 1909 827 1976 figite
846 1908 927 1964 dieta.
961 1926 998 1964 auo

147 1985 223 2049 Quae
242 1985 353 2040 Phoebo
371 1990 451 2054 pater
468 1986 648 2052 omnipotens,
666 1985 732 2037 milri
752 1985 877 2039 Phoebus
896 1986 997 2054 Apollo

148 2061 296 2128 Praedixit,
314 2061 392 2114 uobis
411 2061 553 2113 Furiarum
572 2078 623 2127 ego
642 2077 768 2114 maxuma
785 2063 883 2129 pando.

148 2139 255 2192 ltaliam
274 2153 355 2189 cursu
372 2136 476 2203 petitis,
494 2137 637 2202 ventisque
656 2137 758 2189 vocatis

148 2213 228 2266 Ibitis
250 2212 364 2275 ltaliam,
382 2213 533 2278 portusque
551 2209 655 2262 intrare
673 2210 782 2274 licebit;

147 2289 201 2342 Sed
220 2304 273 2338 non
291 2290 355 2338 anto
374 2286 467 2338 datam
485 2285 599 2352 cingetis
617 2285 757 2338 moenibus
775 2290 879 2353 urbem,
962 2307 997 2344 255

148 2364 234 2426 Quam
253 2378 300 2416 vos
318 2361 377 2415 dira
394 2361 480 2414 farnes
497 2364 662 2430 nostraeque
680 2361 777 2416 iniuria
794 2364 885 2418 caedis

147 2439 282 2493 Ambesas
300 2438 409 2508 subigat
427 2439 505 2492 malis
523 2439 667 2494 absumere
685 2455 799 2493 mensas.

148 2515 231 2583 Dixit,
250 2520 278 2570 et
295 2517 323 2569 in
342 2517 436 2570 silvam
455 2517 550 2586 pennis
569 2515 660 2570 ablata
678 2515 788 2584 refugit.

148 2593 188 2646 At
206 2593 284 2646 sociis
302 2594 393 2648 subita
410 2595 517 2663 gelidus
535 2593 680 2648 formidine
699 2593 810 2662 sanguis

148 2669 287 2738 Deriguit;
305 2671 427 2726 cecidere
447 2672 536 2739 animi,
555 2688 605 2726 nec
623 2671 677 2724 iarn
696 2670 811 2740 amplius
829 2671 919 2737 armis,
961 2689 997 2732 aaa

147 2745 202 2800 Sed
219 2747 290 2800 votis
307 2748 486 2817 precibusque
504 2749 599 2802 iubent
617 2764 764 2816 exposcere
781 2765 884 2818 pacem,

147 2822 209 2877 Sive
227 2824 302 2891 deae,
322 2842 369 2878 seu
386 2826 441 2878 sint
460 2825 535 2879 dirae
554 2826 741 2893 obscenaeque
759 2824 887 2880 volucres.
944 2878 946 2884 .

148 2901 183 2954 Et
201 2905 280 2971 pater
299 2901 432 2954 Anchises
450 2902 536 2970 passis
555 2902 590 2955 de
608 2902 689 2955 litore
706 2901 803 2969 palmis

147 2977 265 3031 Numina
283 2994 381 3046 magna
398 2981 484 3046 vocat,
501 2979 668 3047 meritosque
685 2977 781 3032 indicit
798 2977 925 3031 honores:

147 3055 189 3123 ni,
207 3055 350 3124 prohibete
368 3055 470 3119 minas;
488 3055 524 3119 di,
542 3055 626 3108 talem
645 3056 761 3109 avertite
779 3071 880 3122 casum,
961 3071 995 3108 acu

146 3133 182 3186 llt
199 3131 298 3202 placidi
316 3135 424 3188 servate
441 3130 513 3201 pios!
550 3131 618 3184 Tum
635 3131 717 3186 litore
734 3132 826 3185 funem

147 3209 285 3280 Deriperc,
303 3225 486 3277 excussosque
504 3207 582 3262 iubet
599 3208 692 3263 laxare
710 3207 842 3262 rudentis.
