2290 3568
400 148 582 196 AENEIDOS
603 126 672 196 nis.
692 147 758 196 vu.
953 149 997 196 an

151 231 236 296 Picus,
255 247 355 300 equum
374 229 506 293 domitor;
526 247 606 298 quem
625 232 704 297 capta
721 229 847 298 cupidine
865 229 983 284 coniunx

155 311 243 362 Aurea
260 323 417 375 percussum
437 307 512 373 virga
530 323 692 373 versamque
710 307 823 360 venenis
965 318 994 363 ra

151 383 227 435 Tacit
245 399 322 436 avem
342 383 426 450 Circe,
445 382 600 450 sparsitque
618 382 753 435 coloribus
772 383 835 436 alas.

150 458 206 510 Tali
225 459 298 511 intus
317 459 419 526 templo
438 458 528 512 divom
547 458 691 527 patriaque
710 459 822 512 Latinus

149 535 222 587 Sede
240 534 338 588 sedens
357 535 474 587 Teucros
492 534 528 587 ad
547 551 606 588 seso
624 535 652 586 in
671 539 746 588 tecta
764 536 885 598 vocarit3

150 611 244 679 Atque
263 611 330 664 haec
348 611 476 678 ingressis
494 611 599 678 placido
618 611 692 680 prior
711 611 799 665 edidit
817 629 876 666 ore:

182 687 279 755 Dicite,
290 687 472 751 Dardanidae,
485 689 654 754 nequeenim
663 689 797 742 nescimus
807 692 835 742 et
845 688 940 743 urbem
964 705 999 744 rso

149 764 185 818 Et
202 781 295 831 genus,
314 764 455 831 auditique
473 764 616 818 advertitis
634 781 753 833 aequore
771 782 886 832 cursum,

148 840 220 904 Quid
240 841 349 909 petitisi
370 857 439 908 quae
457 857 552 893 caussa
570 844 650 904 rates,
669 845 718 894 aut
736 842 812 894 cuius
830 843 935 909 egentis

150 917 227 970 Litus
246 917 281 969 ad
302 917 452 970 Ausonium
471 920 513 970 tot
531 933 581 985 per
599 918 669 969 vada
686 917 794 970 caerula
812 919 903 972 rexit?

148 993 209 1045 Sive
228 1010 320 1046 errore
339 993 403 1056 viae,
422 1009 470 1045 seu
488 992 698 1060 tempestatibus
716 993 777 1060 aeti,

148 1067 243 1132 Qualia
261 1069 347 1121 multa
365 1068 434 1122 mari
452 1073 551 1122 nautae
568 1069 711 1136 patiuntur
729 1069 756 1122 in
774 1069 838 1137 alte,
962 1087 999 1126 aaa

149 1145 280 1198 Fluminis
298 1146 420 1199 intrastis
439 1147 512 1214 ripas
529 1148 665 1214 portuque
684 1146 793 1215 sedetis,

148 1222 190 1275 Ne
207 1222 293 1290 fugite
311 1221 465 1290 hospitium,
484 1240 551 1276 neve
568 1222 694 1290 ignorate
712 1222 824 1276 Latinos

147 1299 258 1352 Saturni
275 1302 392 1366 gentem,
411 1299 484 1352 haud
502 1299 588 1352 vinclo
607 1315 657 1351 neo
676 1299 782 1367 legibus
799 1316 923 1368 aequam,

147 1376 249 1444 Sponte
267 1393 315 1428 sua
334 1377 488 1444 veterisque
508 1376 553 1430 dei
572 1393 601 1428 se
620 1392 695 1428 more
713 1380 861 1429 tenentem.

147 1455 241 1520 Atque
255 1452 381 1520 equidem
394 1453 613 1506 memini—fama
625 1456 668 1506 est
680 1453 820 1506 obscurior
832 1457 945 1506 annis-
960 1469 997 1508 roa

148 1531 290 1582 Auruncos
308 1531 348 1582 ita
365 1529 437 1582 ferre
455 1547 541 1596 senes,
559 1529 601 1581 his
620 1533 696 1582 ortus
714 1533 745 1582 ut
763 1529 836 1596 agris

148 1605 290 1658 Dardanus
310 1605 408 1658 Idaeas
427 1606 559 1672 Phrygiae
577 1606 729 1674 penetrarit
747 1605 783 1657 ad
800 1606 882 1659 urbes

147 1681 351 1748 Threiciamque
371 1681 476 1747 Samon,
496 1699 566 1749 quae
584 1698 654 1734 nune
673 1681 856 1734 Samothracia
873 1682 966 1734 fertur.

149 1757 220 1811 Hinc
237 1758 313 1810 illum
334 1757 445 1826 Corythi
464 1757 602 1825 Tyrrhena
619 1756 654 1810 ab
673 1756 737 1810 sede
756 1757 908 1826 profectum

147 1838 240 1888 Aurea
258 1852 328 1888 nunc
347 1834 413 1888 solio
432 1835 565 1888 stellantis
583 1835 659 1902 regia
677 1834 743 1887 caeli
961 1849 997 1888 210

148 1911 256 1979 Accipit
274 1914 302 1964 et
320 1928 462 1965 numerum
481 1911 604 1964 dirorum
623 1911 753 1964 altaribus
770 1910 858 1964 addit.

180 1987 309 2052 Dixerat;
331 1992 359 2041 et
378 1987 451 2041 dicta
471 1989 590 2041 ilioneus
610 1989 647 2042 sic
666 2005 730 2040 voce
749 1991 870 2040 secutus:
957 2021 961 2030 ·

147 2063 214 2131 Rex,
231 2081 316 2131 genus
336 2065 474 2131 egregium
494 2065 589 2130 Fauni,
607 2081 655 2117 nec
673 2064 800 2117 ductibus
817 2066 892 2116 actes

147 2142 219 2192 Atra
237 2140 345 2207 subegit
363 2141 468 2208 hiemps
487 2141 584 2193 vestris
604 2140 749 2192 succedero
767 2138 857 2204 terrie,

146 2216 204 2268 Nee
222 2215 298 2268 sidus
317 2217 427 2282 regione
445 2217 504 2268 riae
522 2216 619 2268 litusve
637 2215 748 2278 fefellit;
961 2229 997 2268 215

147 2291 264 2344 Consilio
283 2292 351 2345 hanc
370 2309 463 2345 omnes
481 2292 633 2358 animisque
653 2291 805 2344 volentibus
822 2290 919 2344 urbem

149 2369 314 2437 Adierhnur,
333 2369 403 2438 pulsi
422 2369 521 2437 regnis,
540 2385 610 2436 quae
629 2384 755 2420 maxuma
773 2367 911 2435 quondam

147 2445 277 2499 Extremo
297 2447 407 2500 veniens
427 2446 472 2499 Sol
491 2444 641 2513 aspiciebat
660 2443 780 2513 Olympo,

151 2521 194 2574 Ab
214 2523 278 2576 Iove
296 2523 457 2592 principium
475 2521 596 2590 generis;
618 2521 682 2573 Iove
701 2520 829 2574 Dardana
846 2519 931 2588 pubes

147 2598 256 2653 Gaudet
274 2617 337 2666 ar03
356 2617 404 2654 rex
423 2601 482 2669 ipse
502 2598 574 2651 Iovis
593 2598 627 2650 de
645 2602 727 2664 gente
744 2613 876 2664 suprema,
960 2609 992 2648 aar

147 2675 241 2728 Troius
262 2680 377 2743 Aeneas,
396 2680 444 2730 tua
462 2693 511 2729 nos
530 2675 565 2728 ad
585 2675 678 2726 limina
695 2673 775 2726 misit.

147 2754 254 2817 Quanta
271 2771 320 2822 per
339 2754 437 2806 Idaeos
456 2753 542 2806 saevis
560 2752 645 2805 effusa
664 2749 784 2817 Mycenis

146 2827 306 2897 Tempestas
322 2829 385 2883 ierit
403 2846 519 2898 caarpos,
537 2827 634 2896 quibus
652 2829 728 2880 actus
746 2829 863 2892 uterque

146 2902 272 2973 Europae
290 2908 374 2974 atque
395 2906 478 2959 Asiae
495 2905 559 2958 fatis
578 2902 745 2957 concurrerit
763 2900 844 2967 orbis

148 2980 253 3047 Audiit,
272 2986 300 3034 et
319 2981 440 3050 siquem
459 2981 539 3034 tellus
557 2985 680 3034 extrema
697 2978 787 3032 refuso
960 2991 990 3035 aa

147 3056 295 3111 Submovet
314 3057 429 3123 Oceano,
449 3061 476 3110 et
495 3057 517 3109 si
536 3073 616 3124 quem
635 3059 747 3109 extenta
764 3054 905 3122 plagarum

147 3134 283 3199 Quattuor
300 3135 327 3187 in
346 3134 435 3187 medio
453 3133 557 3186 dirimit
574 3132 654 3199 plaga
672 3131 740 3186 Solis
757 3131 849 3198 iniqui.

149 3208 256 3325 bilrgio
274 3229 308 3267 ex
326 3211 373 3264 illo
390 3214 433 3264 tot
450 3213 528 3263 vasta
545 3225 596 3278 per
612 3224 732 3276 aequora
749 3207 819 3261 vecti
