2290 3568
122 125 166 171 198
364 120 392 168 P.
412 119 565 168 VERGILI
583 119 749 169 MARONIS

122 202 258 265 Quattuor
275 201 318 254 hic
336 201 459 253 invectus
478 200 556 267 equis
575 204 604 253 et
622 200 749 268 lampada
767 219 900 270 quassans

123 279 175 332 Per
194 278 306 331 Graium
325 277 438 345 populos
456 275 617 343 mediaeque
635 293 685 344 per
706 277 791 330 Elidis
810 279 906 333 urbem

123 355 186 408 Ibat
204 371 294 421 ovans,
314 353 460 419 divomque
479 350 530 404 sibi
549 352 678 419 poscebat
696 353 834 420 honorem,

122 431 255 485 Demens!
278 430 326 498 qui
343 427 450 480 nimbos
469 432 498 481 et
516 445 569 480 non
588 428 720 481 imitabile
740 429 842 484 fulmen
938 446 975 485 teo

123 508 197 562 Aere
215 510 244 560 et
261 504 436 573 cornipedum
454 505 535 573 pulsu
554 505 693 558 simularet
713 522 852 574 equorum.

124 586 164 637 At
181 588 259 653 pater
277 583 447 649 omnipotens
466 581 551 634 densa
569 581 640 634 inter
660 581 754 634 nubila
772 583 857 635 telum

124 660 272 725 Contorsit,
291 675 343 711 non
362 657 408 710 ille
427 657 500 710 faces
519 673 569 710 nec
588 658 678 710 fumea
697 658 786 711 taedis

124 737 246 803 Lumina,
265 735 498 803 praecipitemque
516 735 617 786 inmani
637 735 746 788 turbine
765 735 866 803 adegit.

123 813 248 866 Necnon
262 817 291 865 et
304 811 409 878 Tityon,
423 811 523 864 Terrae
535 811 730 878 omniparentis
744 812 890 879 alumnum,
940 827 977 865 595

125 889 244 943 Cernere
263 892 330 955 erat,
349 905 399 956 per
417 891 476 940 tota
494 903 589 940 novem
608 887 650 940 eui
669 887 761 954 iugera
780 905 877 956 corpus

126 967 287 1034 Porrigitur‚
305 971 450 1032 rostroque
469 965 584 1016 inmanis
603 963 693 1015 voltur
712 963 816 1017 obunco

127 1042 276 1095 inmortale
294 1043 369 1094 iecur
388 1040 503 1094 tondens
521 1039 691 1107 fecundaque
710 1042 803 1108 poenis

127 1118 237 1171 Viscera
255 1119 425 1184 rimaturque
444 1116 530 1184 epulis
548 1115 710 1184 habitatque
729 1117 779 1170 sub
797 1118 852 1171 albo

127 1194 248 1261 Pectore,
266 1211 316 1246 noc
334 1193 410 1245 fibris
429 1193 537 1260 requies
556 1192 637 1244 datur
656 1193 711 1245 nlla
729 1195 839 1247 renatis.
941 1209 977 1248 coe

127 1270 199 1334 Quid
217 1286 365 1322 memorem
386 1268 524 1336 Lapithas,
546 1268 641 1320 lxiona
662 1269 887 1340 l'irithoumquel

127 1347 200 1411 Quos
219 1363 301 1414 super
319 1348 379 1398 atra
398 1345 465 1396 silex
483 1344 537 1396 iam
555 1344 608 1396 iam
629 1345 737 1412 lapsura
755 1347 918 1416 cadentiqnc

128 1422 256 1491 Imminet
274 1421 421 1485 adsimilis;
443 1421 535 1473 lucent
554 1421 704 1487 genialibus
723 1423 786 1476 altis

129 1501 222 1552 Aurea
239 1497 326 1550 fulcra
343 1496 418 1564 toris,
438 1497 588 1565 epulaeque
607 1502 670 1550 ante
690 1516 738 1552 ora
756 1504 868 1568 paratae

128 1574 248 1642 liegifieo
267 1574 348 1639 luxu;
370 1574 514 1626 Furiarum
534 1590 660 1626 maxuma
679 1575 756 1628 iuxta
943 1592 978 1640 ees

128 1651 259 1719 Accubat,
278 1655 307 1705 et
325 1651 448 1704 manibus
467 1650 593 1719 prohibet
612 1652 769 1719 contingere
788 1671 904 1722 mensas,

128 1729 314 1796 Exsurgitque
332 1729 419 1781 facem
438 1728 572 1794 attollens,
592 1732 675 1796 atque
694 1729 800 1783 intonat
818 1748 873 1784 orc.

129 1805 188 1871 Hic,
208 1805 307 1873 quibus
325 1805 405 1858 invisi
422 1805 529 1870 fratres,
550 1804 615 1856 dum
634 1807 690 1858 vita
708 1807 843 1874 manebat,

130 1881 290 1935 Pulsatusve
308 1898 414 1948 parens,
434 1883 462 1932 et
480 1881 554 1932 fraus
573 1881 672 1934 innexa
692 1883 791 1948 clienti,

130 1961 188 2012 Aut
206 1958 252 2025 qui
271 1957 372 2010 divitiis
391 1957 441 2009 soli
460 1956 606 2009 incubuere
627 1959 753 2026 repertis,
943 1975 979 2013 om

90 2032 93 2036 ’
129 2034 187 2087 Nec
204 2037 310 2102 partem
328 2050 443 2100 posuere
463 2033 525 2099 suis,
544 2050 615 2101 quae
634 2051 759 2087 maxuma
777 2034 859 2087 turba
877 2038 928 2097 est,

130 2111 237 2179 Quique
255 2109 290 2164 ob
308 2110 473 2163 adulterium
492 2111 571 2176 caesi,
591 2111 691 2178 quique
710 2127 785 2162 arma
804 2109 889 2162 secuti

131 2187 218 2255 Impia
236 2203 286 2240 nec
304 2187 383 2240 veriti
403 2187 571 2240 dominorum
591 2187 685 2239 fallere
705 2185 825 2251 dextras,

131 2263 230 2316 inclusi
249 2280 363 2332 poenam
381 2267 547 2332 exspectant.
584 2263 609 2315 N
612 2279 627 2315 e
646 2277 746 2329 quaere
765 2261 863 2327 doceri,

131 2341 216 2404 Quam
229 2356 351 2407 poenam,
364 2344 412 2392 aut
425 2356 494 2406 quae
507 2339 594 2390 forma
607 2338 678 2388 viros
694 2337 835 2390 fortunave
848 2337 950 2390 mersit.

130 2417 230 2469 Saxum
249 2416 343 2481 ingens
362 2415 473 2468 volvunt
491 2415 543 2479 alii,
562 2413 700 2479 radiisque
718 2415 839 2466 rotarum
944 2429 979 2466 cm

130 2491 254 2545 Districti
273 2490 409 2557 pendent;
429 2489 514 2556 sedet,
534 2492 731 2556 aeternumque
751 2489 866 2556 sedebit,

131 2567 229 2621 Infelix
249 2566 383 2630 Theseus;
406 2566 594 2633 Phlegyasque
614 2565 781 2619 miserrimus
800 2567 888 2620 omnis

131 2644 271 2697 Admonet
290 2647 318 2696 et
336 2659 435 2710 magna
453 2645 571 2696 testatur
590 2658 655 2695 voce
673 2659 722 2710 per
740 2643 864 2698 umbras:

130 2721 253 2773 “Discite
271 2719 403 2772 iustitiam
422 2719 516 2773 moniti
544 2723 573 2773 et
591 2737 644 2773 non
663 2724 786 2774 temnere
805 2721 903 2774 diros.”
945 2734 982 2772 oea

130 2795 263 2849 Vendidit
281 2796 324 2848 hic
342 2813 407 2850 auro
425 2798 550 2865 patriam,
571 2797 766 2868 dominumque
784 2801 926 2868 potentem

131 2871 270 2941 Inposuit;
290 2872 350 2924 lixit
368 2873 443 2941 leges
461 2875 549 2942 pretio
569 2879 652 2943 atque
672 2875 779 2940 refixit;

131 2947 186 3001 Hie
203 2948 352 3001 thalamum
371 2949 471 3003 invasit
488 2956 570 3006 natac
590 2953 745 3022 vetitosque
763 2952 940 3020 hymenaeos;

132 3025 200 3078 Ausi
218 3026 437 3081 omncs'inmane
455 3029 537 3096 nolas,
557 3047 678 3099 ausoque
697 3029 784 3100 potiti.

131 3100 200 3169 Non,
219 3101 285 3154 mihi
304 3102 326 3156 si
344 3102 452 3172 linguae
470 3111 580 3161 centum
600 3108 653 3161 sint
671 3123 772 3176 oraque
790 3109 906 3170 centum,
946 3118 981 3156 cna

133 3175 233 3232 Ferrea
251 3195 310 3246 vox,
329 3181 415 3234 omnis
433 3180 567 3236 scelerum
584 3183 771 3253 conprendere
789 3182 898 3244 formas,
