2278 3568
401 159 585 208 AENEIDOS
607 161 675 209 LIB.
696 161 746 208 IV.

147 237 191 292 Sic
210 238 292 296 effata
310 239 399 292 sinum
417 239 535 293 lacrimis
553 241 667 309 inplevit
686 241 796 298 obortis.

182 315 263 368 Anna
281 315 379 370 refert:
399 315 422 368 Ο
441 316 500 370 lucc
521 317 607 384 magis
629 317 727 372 dilecta
746 322 838 390 sorori,

147 391 245 444 Solane
262 396 397 460 perpetua
414 410 540 447 maerens
560 411 672 462 carpere
691 395 808 464 iuventa,

146 467 204 522 Neo
223 467 310 522 dulcis
329 473 414 537 natos,
435 469 551 524 Veneris
570 487 620 524 nec
639 473 762 540 praemia
780 476 870 530 noris?

149 543 182 596 ld
199 544 318 599 cinerem
337 550 385 600 aut
405 547 494 600 Manis
514 547 602 600 credis
623 563 720 601 curare
739 551 879 618 sepultosl

146 621 225 676 Esto:
243 638 354 690 aegram
372 623 438 676 nulli
457 624 593 693 quondam
616 624 717 678 flexere
736 628 825 681 mariti

145 697 206 750 Non
225 697 333 767 Libyae,
351 717 405 754 non
423 706 487 754 ante
507 701 592 770 Tyro;
611 701 757 771 despectus
777 705 872 759 Iarbas

145 775 333 845 iluctoresque
351 777 403 845 alii,
423 795 492 847 quos
512 779 607 832 Africa
627 783 701 833 terra
720 781 866 850 triumphis

144 850 226 904 Dives
245 852 309 906 alit:
327 853 461 921 placitone
480 856 563 909 etiam
582 856 715 924 pugnabis
733 859 834 912 amorii

144 926 169 979 N
171 944 201 980 ec
219 929 294 982 venit
312 930 340 982 in
358 935 485 997 mentem,
506 948 621 1000 quorum
641 934 795 986 consederis
814 936 901 988 arvisl

144 1003 217 1057 Hinc
236 1005 369 1059 Gaetulae
387 1007 477 1074 urbes,
497 1026 583 1076 genus
601 1009 783 1078 insuperabile
801 1010 880 1077 bello,
977 1027 1000 1067 lo

146 1080 179 1134 ut
198 1081 335 1136 Numidae
353 1083 452 1136 infreni
471 1085 584 1152 cingunt
603 1089 632 1138 et
649 1085 786 1154 inhospita
805 1086 908 1153 Syrtis;

144 1157 217 1211 Hine
236 1158 347 1212 deserta
365 1159 410 1213 siti
429 1162 511 1228 regio,
531 1161 640 1230 lateque
658 1163 781 1216 furentes

143 1233 263 1289 Barcaei.
301 1236 373 1302 Quid
392 1236 464 1291 bella
483 1239 551 1307 Tyro
570 1240 711 1306 surgentia
729 1239 823 1306 dicam,

143 1309 327 1381 Germanique
346 1314 449 1368 minasl

143 1387 191 1440 Dis
210 1388 338 1456 equidem
357 1391 510 1459 auspicibus
529 1408 590 1444 reor
609 1395 638 1446 et
658 1393 762 1446 lunone
781 1396 901 1448 secunda
976 1410 999 1448 4⁵

143 1463 224 1518 Hunc
242 1482 351 1519 cursum
372 1467 468 1521 Iliacas
488 1472 569 1521 rento
588 1469 709 1521 tenuisse
728 1470 840 1523 carinas.

143 1541 229 1604 Quam
242 1545 274 1595 tu
286 1543 391 1610 urbem,
403 1561 486 1609 soror,
500 1544 570 1596 hanc
583 1561 684 1611 cernes,
698 1562 767 1611 quae
781 1563 894 1614 surgere
907 1565 991 1616 regna

142 1617 273 1684 Coniugio
291 1618 353 1680 tali!
378 1619 510 1672 'leucrunr
529 1619 722 1672 comitantibus
741 1623 822 1674 armis

142 1693 243 1747 Punica
262 1711 291 1748 se
309 1697 419 1763 quantis
437 1696 546 1748 attollet
564 1696 651 1764 gloria
669 1696 763 1750 rebus!

141 1769 181 1823 Tu
200 1770 281 1824 modo
298 1788 380 1840 posce
399 1771 464 1826 deos
484 1773 597 1838 veniam,
618 1774 756 1842 sacrisque
774 1774 859 1828 litatis
975 1792 999 1830 so

143 1846 258 1916 indulge
275 1847 400 1917 hospitio,
419 1866 582 1918 caussasque
602 1849 709 1903 innecte
728 1852 858 1918 morandi,

141 1923 213 1977 Dum
230 1925 327 1993 pelago
346 1926 468 1979 desaevit
486 1926 591 1996 hiemps
611 1931 639 1980 et
659 1945 776 1995 aquosus
797 1927 887 1997 Orion,

141 2001 346 2070 Quassataeque
364 2006 444 2070 rates,
464 2003 529 2056 dum
548 2021 601 2056 non
620 2003 765 2057 tractabile
784 2005 894 2059 caelum.

176 2078 228 2130 His
247 2079 327 2132 dictis
345 2079 484 2132 incensum
503 2080 623 2134 animum
641 2079 820 2133 inflammavit
838 2099 937 2148 amore,

140 2156 278 2223 Spemque
297 2155 376 2207 dedit
395 2154 493 2207 dubiae
512 2156 605 2222 menti,
626 2155 760 2223 solvitque
779 2157 918 2223 pudorem.
973 2173 998 2212 aa

142 2231 276 2300 Principio
296 2230 411 2284 delubra
430 2231 538 2296 adeunt,
560 2249 710 2300 pacemque
729 2249 779 2300 por
797 2249 858 2284 aras

139 2308 310 2377 llxquirunt3
329 2311 451 2361 mactant
469 2306 553 2359 lactas
574 2307 608 2360 do
627 2325 702 2360 moro
721 2307 841 2361 bidentis

140 2385 281 2454 legiferae
301 2385 395 2438 Cereri
416 2383 582 2452 Phoeboque
601 2384 729 2453 patrique
749 2384 845 2453 Lyaeo,

140 2463 236 2516 lunoni
255 2468 319 2517 ante
338 2461 432 2530 omnis,
451 2462 493 2515 cui
514 2462 600 2514 vincla
619 2461 719 2529 iugalia
737 2478 823 2516 curae.

139 2541 211 2608 Ipsa,
229 2544 326 2596 tenens
345 2539 443 2593 dextra
461 2542 592 2608 pateram,
612 2537 796 2607 pulcherrima
814 2539 885 2592 Dido
974 2555 998 2593 oo

139 2616 289 2671 (laudantis
307 2634 404 2670 vaccae
423 2615 513 2670 media
532 2615 605 2668 inter
624 2631 725 2667 cornua
742 2615 841 2682 fundit,

139 2694 198 2746 Aut
216 2698 280 2747 ante
299 2711 346 2748 ora
365 2694 447 2747 deum
465 2693 573 2762 pinguis
594 2691 729 2761 spatiatur
747 2691 783 2744 ad
801 2709 868 2759 aras,

139 2769 333 2839 instauratque
351 2770 424 2824 diem
444 2771 527 2838 donis,
548 2769 738 2838 pecudumque
757 2768 870 2822 reclusis

141 2846 297 2899 Pectoribus
314 2848 421 2899 inhians
441 2847 571 2916 spirantia
590 2845 704 2898 consulit
723 2847 794 2898 exta.

138 2923 203 2978 Heu
222 2927 314 2976 vatum
333 2924 442 2991 ignarae
461 2927 579 2976 mentes!
602 2922 668 2990 quid
686 2925 749 2974 vota
766 2922 910 2988 iurent-em,
972 2936 996 2975 65

139 3000 210 3066 Quid
230 2999 346 3053 delubra
363 3001 473 3053 iuranti
511 3000 561 3052 Est
579 2998 666 3051 mollis
685 2997 793 3050 flamma
811 2997 944 3051 medullas

141 3077 258 3144 interea,
277 3079 306 3130 et
324 3077 439 3130 tacitum
458 3077 523 3129 sivit
543 3076 592 3129 sub
611 3079 722 3144 pectore
740 3074 842 3128 volnus.

139 3154 238 3208 Uritur
255 3153 351 3208 infelix
369 3152 441 3206 Dido
460 3156 575 3222 totaque
594 3154 710 3219 vagatur

139 3229 215 3285 Urbe
233 3231 333 3300 furens,
352 3230 439 3300 qualis
457 3230 579 3283 coniecta
598 3244 677 3282 cerva
695 3228 804 3296 sagitta,
