2278 3568
140 145 170 190 96
368 143 398 191 P.
420 143 574 191 Vulturni
596 140 764 192 MARONiS

140 223 281 292 Aetheria,
299 240 389 293 neque
407 225 496 278 adhuc
514 224 670 279 crudelibus
689 224 803 279 occubat
819 227 932 295 umbris,

141 300 202 353 Non
219 304 325 366 metus;
345 301 431 355 officio
449 319 498 355 nee
517 305 546 355 te
565 307 684 354 certasse
704 303 823 370 priorem

140 377 293 432 Paeniteat.
329 378 399 432 Sunt
418 383 446 432 et
466 379 562 432 Siculis
581 378 738 446 regionibus
756 379 838 433 urbes

140 455 277 522 Arvaque,
298 455 468 524 Troianoque
487 474 504 510 a
522 457 652 524 sanguine
672 455 760 509 clarus
780 459 905 512 Acestes
957 473 994 511 550

140 530 301 594 Quassatam
319 532 408 584 ventis
427 533 508 587 liceat
527 533 679 587 subducere
697 533 819 601 classem,

140 611 176 664 Et
194 611 268 664 silvis
286 614 382 678 aptare
401 610 494 664 trabes
512 615 541 664 et
560 611 695 678 stringere
713 627 810 679 remos,

140 688 168 742 Si
186 687 268 740 datur
287 687 404 755 Italiam,
425 688 503 741 sociis
522 692 551 742 et
569 706 635 756 rege
653 692 771 756 recepta,

139 764 270 830 Tendere,
289 767 321 818 ut
341 764 451 818 ltaliam
469 765 535 819 laeti
555 766 720 834 Latiumque
738 769 871 834 petamus,
1126 753 1127 824 l

139 841 186 894 Sin
198 840 343 909 absumpta
356 842 434 910 salus,
447 846 476 896 et
487 846 524 910 te,
535 847 615 911 pater
628 848 739 912 optume
752 843 893 908 Teucrum,
957 854 993 892 555
1126 831 1127 870 l

139 917 243 970 Pontus
261 917 346 972 habet
365 919 473 988 Libyae,
492 937 543 973 nee
561 937 624 989 spes
642 919 695 972 iam
714 921 801 972 restat
820 917 883 984 Iuli,

139 994 180 1046 At
198 994 270 1046 freta
289 994 412 1049 Sicaniae
431 997 527 1050 saltem
547 996 682 1064 sedesque
700 998 818 1066 paratas,

138 1069 220 1123 Unde
238 1070 290 1124 huc
309 1071 424 1140 advecti,
442 1090 591 1141 regemque
609 1077 734 1140 petamus
754 1073 881 1124 Acesten.

138 1145 248 1200 Talibus
268 1147 402 1214 Ilioneus;
420 1149 510 1202 cuncti
529 1149 608 1201 simul
627 1165 674 1200 ore
692 1146 846 1200 fremebant

139 1221 331 1296 Dardanidae..
957 1235 993 1272 500

51 1357 54 1362 ,
173 1299 241 1352 Tum
254 1299 382 1356 ¹breviter
400 1299 480 1366 Dido,
499 1299 602 1351 voltum
621 1298 746 1364 demissa,
765 1297 903 1366 profatur:

138 1374 241 1428 Solvite
260 1375 344 1428 eorde
361 1378 473 1440 motuni,
494 1375 598 1442 Teucri,
617 1374 749 1427 secludite
768 1389 857 1426 curas.

139 1451 194 1504 Res
214 1451 283 1504 dura
302 1455 331 1504 et
350 1451 427 1517 regni
446 1450 552 1502 novitas
570 1466 614 1502 rne
632 1449 698 1502 talia
715 1450 817 1515 cogruit

138 1527 237 1594 Moliri,
256 1531 285 1580 et
303 1527 358 1580 late
376 1527 437 1579 finis
456 1526 568 1580 custode
587 1525 665 1578 tucri.

139 1604 204 1668 Quis
216 1620 302 1670 genus
316 1603 485 1675 Aeneadum,
500 1603 560 1670 quis
574 1603 669 1655 Troiae
682 1603 786 1656 neseiat
797 1601 902 1670 urbem,
955 1616 991 1656 555

139 1679 319 1748 Virtutesque
338 1680 472 1748 virosque,
491 1683 538 1732 aut
557 1680 628 1732 tanti
647 1679 773 1732 incendia
790 1679 872 1733 bellil

138 1757 199 1809 Non
218 1757 336 1810 obtunsa
353 1756 421 1809 adeo
439 1759 579 1822 gestamus
597 1761 708 1824 pectora
727 1755 817 1822 Poeni,

138 1833 196 1886 Nee
213 1837 271 1886 tam
289 1850 400 1886 auersus
419 1849 503 1900 equos
523 1832 602 1900 Tyria
621 1833 667 1885 Sol
686 1833 774 1899 iungit
792 1832 827 1884 ab
846 1831 921 1885 urbe.

138 1909 192 1963 Seu
209 1926 257 1962 vos
276 1909 438 1976 Hesperiam
457 1926 583 1976 magnam
603 1909 785 1976 Saturniaque
803 1924 875 1974 arva,

138 1985 200 2038 Sive
219 1985 312 2052 Erycis
330 1985 392 2036 finis
410 2001 558 2052 regemque
579 1986 680 2055 optatis
700 1987 827 2052 Acesten,
955 2001 992 2040 570

139 2061 249 2114 Auxilio
268 2065 343 2114 tutos
362 2061 506 2129 dimittam,
527 2062 679 2130 opibusque
698 2061 802 2115 iuvabo.

139 2137 228 2191 Voltis
246 2142 274 2190 et
292 2137 335 2190 his
354 2155 459 2191 mecum
478 2139 581 2206 pariter
601 2139 741 2192 considere
759 2139 868 2205 reguisl

139 2214 242 2268 Urbem
261 2232 343 2283 quam
362 2219 460 2282 statuo,
479 2220 571 2270 vestra
589 2220 646 2282 est3
669 2214 812 2268 subducite
830 2217 921 2282 navim

138 2291 205 2344 Tros
224 2291 374 2360 Tyriusque
392 2291 458 2344 mihi
476 2293 550 2346 nullo
569 2293 723 2346 discrimine
742 2296 845 2360 agetur.

139 2369 233 2436 Atque
252 2367 357 2421 utinam
375 2385 424 2421 rex
443 2369 500 2436 ipse
520 2369 545 2421 N
548 2373 593 2422 oto
613 2369 766 2436 compulsus
784 2369 880 2421 eodem
954 2381 990 2421 575

138 2443 257 2498 Adforet
276 2443 398 2499 Aeneas!
424 2445 558 2512 Equidem
578 2463 628 2514 per
646 2445 727 2497 litora
745 2447 835 2497 certos

59 2537 61 2542 ’
138 2519 282 2574 Dimittam
301 2525 330 2574 et
349 2521 450 2588 Libyae
469 2521 586 2573 lustrare
606 2525 730 2574 extrema
749 2518 855 2586 iubebo,

137 2594 166 2650 Si
184 2597 282 2666 quibus
301 2599 404 2650 eiectus
423 2597 496 2650 silvis
516 2601 563 2649 aut
582 2596 696 2648 urbibus
715 2599 795 2648 errat.

172 2673 224 2726 His
242 2675 362 2728 animum
380 2673 479 2726 arrecti
500 2673 578 2726 dictis
599 2677 627 2726 et
645 2672 724 2725 fortis
743 2672 864 2725 Achates

136 2749 173 2803 m
190 2753 270 2818 pater
290 2755 397 2804 Aeneas
416 2750 576 2802 iamdudum
596 2765 739 2818 erumpere
757 2749 857 2800 nubem
953 2763 991 2803 550

137 2825 289 2880 Ardebant.
329 2827 406 2879 Prior
427 2827 540 2879 Aenean
559 2825 704 2894 compellat
724 2824 859 2879 Achates:

135 2901 208 2954 Nate
228 2902 286 2970 dea,
306 2919 376 2970 quae
394 2918 463 2954 nune
483 2902 571 2954 animo
590 2901 726 2955 sententia
745 2901 847 2968 surgitl
932 2957 934 2962 ,

136 2977 234 3030 Omnia
252 2982 313 3032 tuta
331 2978 414 3044 vides,
433 2978 546 3032 classem
565 2979 706 3046 sociosque
724 2980 857 3044 receptos.

136 3053 213 3108 Unus
232 3053 317 3122 abest,
337 3054 428 3107 medio
447 3054 577 3108 intinctu
596 3071 678 3122 quern
697 3053 813 3106 vidimus
832 3052 884 3120 ipsi

135 3129 328 3196 Submersurn;
351 3131 431 3184 dictis
449 3131 618 3201 respondent
636 3135 728 3185 cetera
745 3127 848 3182 matria
952 3139 988 3179 555

137 3204 190 3258 Vix
208 3221 241 3258 ea
258 3206 331 3260 latus
349 3211 416 3271 erat,
435 3225 496 3261 curn
514 3206 677 3261 circumfusa
694 3207 808 3273 repente
