2266 3562
120 151 151 200 26
358 148 386 197 P.
409 147 559 196 VERGILI
578 147 709 195 MARON
711 148 743 196 IS

120 231 276 285 Deficereut
294 230 376 282 silvae
395 234 424 282 et
442 230 542 282 victum
562 229 675 282 Dodona
693 233 813 297 negaret.

120 309 184 362 Mox
204 311 232 360 et
250 305 394 360 frumentis
412 305 489 358 labor
507 305 623 372 additus,
642 310 673 360 ut
692 305 763 360 mala
781 306 883 360 culmos
941 320 978 360 rso

120 386 199 439 Esset
216 382 311 450 robigo
330 383 474 451 segnisque
492 382 617 435 horreret
635 384 662 436 in
681 384 751 436 arvis

119 463 258 527 Carduus;
274 460 415 513 intereunt
435 463 550 528 segetes,
570 461 643 514 subit
662 477 759 530 aspera
777 462 851 526 silva,

120 541 282 610 Lappaeque
301 537 455 606 tribulique,
475 537 602 606 interque
622 538 737 591 nitentia
755 537 827 591 culta

120 617 217 671 Infelix
236 616 328 669 lolium
347 619 376 670 ct
395 615 501 668 steriles
521 615 695 668 dominantur
713 631 822 668 avenae.

119 694 198 758 Quod
216 694 266 746 nisi
286 697 315 746 et
333 692 455 746 adsiduis
473 692 586 745 herbam
605 692 776 745 insectabere
793 692 897 759 rastris,
945 706 980 744 ree

120 771 155 824 Et
171 769 260 822 souitu
280 769 396 823 terrebis
416 787 486 836 aves,
505 772 534 822 ct
552 770 622 822 ruris
640 769 716 836 opaci

120 847 200 900 Falce
218 864 326 914 premes
346 845 478 913 umbram,
498 847 622 914 votisque
643 844 780 898 vocaveris
798 844 919 911 imbrem,

121 923 191 990 Heu,
209 940 336 991 magnum
356 922 468 975 alterius
486 923 589 974 rantra
609 919 747 990 spectabis
764 937 898 986 acervum,

120 1001 310 1067 Concussisque
329 999 429 1053 famem
447 1000 474 1052 in
493 999 567 1052 silvis
587 998 710 1052 solabere
729 1014 837 1066 quercu.

154 1075 305 1130 Dicendum
325 1080 361 1143 ct,
381 1077 522 1143 quaesiui
541 1075 616 1127 duris
636 1074 789 1142 agrestibus
807 1091 890 1140 arma,
947 1086 982 1126 roo

47 1187 49 1192 ·
120 1153 185 1216 Quis
203 1154 260 1206 siue
280 1169 329 1206 uec
347 1157 462 1221 potuere
481 1153 534 1205 seri
553 1169 603 1204 nec
623 1168 735 1218 surgere
753 1168 869 1204 messes:

121 1229 215 1282 Vomis
237 1231 268 1285 et
284 1229 375 1283 inflexi
394 1230 510 1298 primum
529 1245 612 1296 grave
632 1227 715 1280 robur
734 1229 825 1296 aratri,

121 1304 264 1375 Tardaque
286 1306 429 1358 Eleusinae
448 1305 544 1358 matris
563 1305 700 1358 volventia
719 1305 848 1374 plaustra,

121 1382 291 1451 Tribulaqua‚
315 1382 488 1449 traheaeque,
508 1385 537 1434 ct
555 1383 648 1450 iniquo
668 1381 789 1450 pondere
807 1381 902 1446 rastri;

123 1459 222 1526 Virgea
240 1463 385 1528 praeterea
406 1458 479 1512 Celei
498 1458 611 1525 vilisque
630 1458 760 1526 supellex,
948 1473 983 1510 ree

122 1535 262 1588 Arbuteae
281 1539 374 1588 crates·
389 1538 418 1588 et
436 1535 548 1604 mystica
567 1551 670 1587 vannus
690 1534 786 1588 Iacchi.

122 1613 219 1665 Omnia
238 1628 307 1680 quae
327 1611 412 1664 multo
431 1615 495 1665 ante
514 1628 618 1663 memor
636 1605 745 1679 prouisa
762 1626 885 1676 repones,

122 1689 197 1742 Sita
216 1689 298 1756 digna
318 1693 409 1742 nranet
429 1689 512 1741 divini
530 1687 616 1756 gloria
634 1688 710 1741 ruris.

123 1765 256 1818 Continuo
275 1765 303 1818 in
321 1765 395 1821 silvis
414 1783 512 1833 magna
532 1765 557 1817 vi
576 1765 646 1818 fiexa
667 1764 795 1817 domatur·

124 1841 156 1894 In
175 1841 264 1896 burim
284 1847 312 1896 et
331 1843 404 1895 curvi
423 1843 537 1896 formam
559 1843 654 1910 accipit
673 1841 762 1894 ulmus
780 1841 871 1894 aratri.
951 1852 985 1893 1⁷e

125 1918 195 1970 Huic
211 1918 246 1970 ab
265 1919 350 1986 stirpe
370 1919 454 1987 pedes
474 1923 547 1972 temo
567 1923 712 1987 protentus
730 1917 757 1970 in
776 1921 845 1983 ecto,

124 1994 207 2047 Biuae
226 2011 313 2061 aures,
334 1995 433 2063 duplici
453 1999 584 2063 aptantur
604 1995 723 2048 dentalia
742 1995 829 2048 dorso.

123 2070 254 2124 Caeditur
273 2074 302 2124 ct
321 2071 379 2124 tilia
399 2077 463 2123 ante
483 2071 545 2139 iugo
565 2071 638 2138 levis,
659 2071 769 2140 altaque
787 2073 864 2138 fagus

123 2147 259 2216 Stivaque,
279 2163 349 2216 quae
368 2163 461 2199 cursus
481 2164 497 2200 a
516 2153 594 2214 tergo
616 2151 744 2216 torqueat
761 2149 844 2212 imos;

122 2223 158 2276 hlt
177 2240 307 2292 suspensa
326 2223 392 2276 focis
413 2224 537 2292 explorat
558 2224 655 2278 robora
673 2225 769 2278 fisurus.
952 2238 986 2277 155

158 2299 269 2352 Possum
289 2300 375 2352 nnrlta
394 2300 443 2353 tibi
464 2305 587 2354 veterum
607 2305 754 2370 praccepta
772 2305 882 2368 referre,

123 2375 158 2429 Ni
177 2377 278 2444 refugis
298 2377 442 2444 terrarisque
463 2378 540 2445 piget
559 2395 721 2445 cognoscere
739 2395 823 2431 curas.

124 2454 198 2506 Area
217 2470 277 2506 cum
298 2453 391 2521 prinus
412 2454 515 2520 ingenti
534 2454 680 2521 aequanda
699 2455 818 2522 cylindro

124 2529 160 2583 llt
178 2529 311 2582 vertenda
331 2547 411 2582 manu
431 2535 460 2584 et
479 2535 556 2584 creta
576 2531 717 2586 solidanda
734 2533 830 2587 tenaci.

124 2605 166 2660 Ne
185 2606 300 2660 subeant
320 2606 429 2672 herbae,
451 2625 503 2660 neu
522 2609 633 2677 pulvere
654 2609 726 2664 victa
742 2610 857 2674 fatiscat,
954 2625 990 2662 rso

124 2682 191 2736 Tum
210 2683 299 2737 variae
318 2683 445 2737 inludant
464 2690 570 2754 pestes:
591 2703 672 2755 saepe
692 2687 882 2755 exiguusmus

124 2757 180 2812 Sub
197 2760 280 2812 terris
298 2762 444 2830 posuitque
465 2762 559 2816 deuios
580 2769 664 2831 atque
683 2763 780 2816 horrea
798 2762 877 2824 secit3

125 2837 184 2889 Aut
202 2837 285 2889 oculis
305 2839 377 2906 capti
397 2840 491 2892 fodere
510 2839 609 2893 cubilia
627 2839 737 2907 talpae;

126 2913 310 2982 Inventusque
330 2917 401 2969 caris
420 2916 493 2984 bulo,
514 2921 543 2970 ct
561 2934 631 2986 quac
650 2916 769 2985 plurima
786 2923 877 2969 terrae
954 2929 988 2965 1sr

125 2987 249 3044 Monstra
268 2992 376 3058 ferunt;
395 2994 563 3063 populatque
581 2994 721 3061 ingentem
740 2993 820 3046 huus
838 3008 964 3044 aceruum

126 3065 258 3134 Curculio,
279 3074 363 3140 atque
381 3071 455 3140 inopi
472 3075 598 3124 metucns
617 3070 731 3122 formica
751 3075 883 3123 senectae.

126 3141 334 3213 Contemplator
352 3149 425 3211 item,
444 3165 504 3200 cum
524 3164 552 3200 se
571 3165 625 3200 nux
644 3147 761 3214 plurima
783 3147 855 3200 silvis

129 3217 229 3276 induet
248 3221 275 3274 in
294 3221 388 3275 florem
408 3227 437 3275 et
454 3239 544 3276 ramos
562 3223 686 3276 curvabit
705 3223 816 3277 olentis:
