2278 3568
383 517 413 566 P.
433 512 590 564 VERGILI
607 509 775 560 MARONIS

342 674 820 757 AENEIDOS

432 870 548 924 LIBER
566 865 735 922 TERTIUS.

532 1027 634 1058 —4—

160 1149 308 1208 Poenounu
326 1161 371 1200 res
390 1145 474 1198 Asiae
494 1143 651 1211 Priamique
671 1144 796 1196 evertere
814 1146 925 1210 gentem

158 1225 318 1278 iinmeritam
336 1223 423 1276 visum
442 1220 561 1288 Superis,
579 1219 733 1286 ceciditque
750 1219 898 1289 superbum

158 1301 238 1354 llium
256 1303 285 1354 et
303 1299 389 1352 omnis
407 1298 489 1350 humo
507 1296 595 1349 fumat
613 1296 753 1364 Neptunia
772 1296 859 1366 Troia,

158 1379 271 1432 Diversa
289 1376 384 1430 exsilia
402 1379 431 1428 et
449 1373 573 1426 desertas
592 1389 724 1440 quaerere
742 1378 831 1428 terras

158 1455 289 1523 Auguriis
307 1453 413 1521 agimur
431 1451 529 1517 divom,
548 1449 716 1518 classemque
735 1452 786 1505 sub
804 1453 863 1520 ipsa
1000 1463 1013 1504 5

158 1531 302 1586 Antandro
320 1533 350 1583 et
369 1528 502 1597 Phrygiae
519 1526 645 1580 molimur
662 1528 802 1582 montibus
821 1529 896 1594 Idae,

74 1629 83 1638 ·
159 1609 268 1674 Incerti,
287 1599 342 1676 quo
360 1605 417 1659 fata
435 1605 532 1671 ferant,
552 1603 598 1656 ubi
616 1604 714 1656 sistere
733 1604 822 1672 detur,

159 1684 404 1752 Contrahimnsque
422 1683 499 1736 viros.
537 1681 592 1734 Vix
611 1681 698 1750 prime
716 1681 855 1750 inceperat
874 1685 971 1749 aestas,

159 1762 196 1814 Et
213 1764 293 1829 peter
312 1759 447 1813 Anchises
466 1759 533 1812 dare
552 1759 617 1811 fatis
635 1758 695 1810 vela
713 1758 841 1824 iubebat;

159 1837 253 1891 Litora
270 1854 332 1890 cum
351 1837 456 1905 patriae
474 1836 617 1888 lacrimans
636 1839 786 1905 portusque
804 1836 927 1904 relinquo
990 1849 1015 1888 10

158 1913 196 1968 Et
214 1931 330 1982 csnrpos,
349 1912 395 1965 ubi
415 1913 494 1966 'Proin
511 1913 571 1966 fuit.
609 1913 696 1965 Feror
714 1913 791 1966 exsul
808 1914 836 1966 in
855 1913 940 1966 altum

160 1990 228 2044 Cum
246 1990 325 2042 sociis
343 1995 463 2058 natoque
484 1989 633 2042 Penatibus
651 1992 680 2042 et
698 1991 804 2058 magnis
822 1991 870 2044 dis.

194 2066 278 2120 Terra
296 2067 388 2135 procui
408 2067 492 2120 vastis
511 2067 609 2120 colitur
628 2067 762 2121 Mavortia
780 2068 889 2137 campie,

159 2142 277 2197 Threces
295 2147 381 2211 arant,
400 2145 455 2197 acri
473 2143 611 2212 quondam
630 2148 743 2210 regnata
762 2145 892 2212 Lycurgo,

78 2234 81 2240 ’
164 2219 318 2287 Hospitium
337 2220 480 2288 antiquum
499 2220 595 2272 Troiae
613 2220 732 2287 sociique
752 2220 877 2286 Penates,
992 2233 1016 2271 15

162 2294 233 2348 Dum
253 2295 375 2350 Fortuna
391 2297 450 2350 fuit.
489 2296 573 2349 Feror
590 2295 650 2362 huc,
670 2300 699 2349 et
715 2297 795 2350 litore
813 2311 894 2349 curvo

162 2372 269 2426 Moenia
286 2375 375 2440 prime
392 2373 458 2441 loco,
475 2373 540 2426 fatis
558 2372 698 2440 ingressus
716 2373 823 2442 iniquis,

161 2449 361 2518 Aeneadasque
379 2466 440 2504 mco
458 2466 556 2503 nomen
575 2450 610 2502 de
628 2451 737 2504 nomine
755 2451 834 2518 fingo

195 2526 277 2579 Sacra
296 2526 432 2580 Dionaeae
450 2528 532 2581 metri
549 2527 675 2595 divisque
691 2527 813 2580 ferebam

163 2602 328 2670 Auspicibus
345 2608 503 2672 coeptorum
522 2621 643 2674 operum,
663 2621 816 2673 superoque
835 2607 969 2656 nitentem
994 2617 1016 2654 20

162 2679 325 2732 Caelicolum
344 2681 402 2748 regi
420 2681 572 2734 mactabam
590 2682 618 2734 in
637 2681 717 2734 litore
735 2686 853 2735 taurum.

163 2753 246 2808 Forte
264 2755 316 2808 fuit
333 2756 411 2808 iuxta
429 2758 558 2822 tumulus,
577 2775 631 2827 quo
649 2775 746 2811 cornea
764 2773 869 2810 summo

162 2829 290 2898 Virgulta
308 2837 338 2886 ct
356 2832 447 2887 densis
466 2834 611 2888 hastilibus
630 2835 740 2887 horrida
758 2839 870 2902 myrtus.

163 2907 282 2975 Accessi,
300 2909 473 2978 viridemque
491 2911 525 2964 ab
544 2911 626 2964 humo
645 2911 797 2964 convellere
815 2911 910 2963 silvam

163 2982 291 3051 Conatus,
309 2986 392 3038 ramis
410 2990 533 3054 tegerem
551 2991 583 3041 ut
601 2987 792 3040 frondentibus
810 3003 878 3052 ures,
990 2983 1012 3044 at

163 3057 340 3114 Horrendum
361 3066 389 3115 et
408 3063 483 3116 dictu
501 3065 580 3117 video
598 3063 723 3116 mirabile
740 3067 898 3116 monstrum.

163 3135 188 3188 N
191 3152 243 3203 am,
258 3153 331 3205 quae
349 3139 438 3206 prima
455 3140 512 3192 solo
530 3141 618 3208 ruptis
636 3139 773 3193 radicibus
790 3139 870 3192 arbos

164 3211 291 3278 Vellitnr,
309 3214 371 3268 huic
388 3219 449 3268 atro
467 3215 608 3285 liquuntur
627 3216 756 3284 sanguine
772 3219 869 3283 guttae
