2278 3568
153 147 197 194 138
386 145 414 192 Ρ.
434 144 587 192 VERGILI
606 144 768 193 MARONIS

185 222 300 277 Postera
317 223 427 291 iamque
446 222 505 276 dies
523 224 611 291 primo
630 222 761 291 surgebat
780 221 845 290 an,

150 300 374 369 Humentcmquc
394 301 501 352 Aurora
520 299 581 368 polo
600 299 752 353 dimoverat
770 300 908 355 umbram:

150 377 218 432 (lum
237 375 327 429 subito
346 393 361 429 e
380 376 461 440 silvis,
480 376 565 430 macie
583 377 706 430 confecta
725 393 859 446 suprema,
966 393 1002 431 sao

151 454 242 522 Ignoti
260 469 329 506 nova
347 452 434 505 forma
452 452 502 504 viri
521 451 731 519 miserandaque
749 453 825 507 cultu

152 530 278 583 Procedit
296 528 465 596 supplexque
483 544 579 581 manus
598 527 634 580 ad
652 527 732 582 litora
750 529 848 584 tendit.

152 605 327 674 ltespicimus.
365 605 432 660 Dira
451 604 565 657 inluvies
583 602 750 672 inmissaque
768 605 863 674 barba,

150 683 311 736 consertum
331 684 461 747 tegumen
480 681 579 747 spinis3
597 683 627 733 at
645 683 738 735 cetera
757 681 863 750 Graius,

151 759 186 812 Et
204 757 341 827 quondam
360 756 456 824 patriis
473 755 509 809 ad
528 756 635 809 Troiam
654 757 753 811 missus
771 758 799 810 in
816 761 905 814 armis.
968 775 1004 814 sss

152 835 234 903 lsque
251 833 298 886 ubi
318 831 471 886 Dardanios
489 833 598 887 habitus
617 837 646 886 et
664 833 744 886 Troia
763 834 834 888 vidit

152 914 237 964 Arma
253 909 354 978 procul,
373 909 482 978 paulurn
501 914 615 978 aspectu
633 910 798 963 conterritus
816 911 910 978 haesit,

151 987 345 1055 Continuitque
363 986 494 1055 gradum;
512 1002 575 1039 mox
594 1002 654 1039 sese
672 985 708 1040 ad
726 986 808 1041 litora
825 1005 956 1057 praeceps

150 1063 218 1116 Cum
237 1063 305 1118 fletu
322 1063 505 1131 precibusque
523 1062 601 1116 tulit:
622 1063 675 1116 Per
695 1063 786 1116 sidera
804 1067 899 1131 testor,

150 1138 204 1192 Per
222 1156 333 1207 superos
351 1144 435 1206 atque
453 1137 503 1191 hoc
522 1138 588 1192 caeli
608 1138 737 1206 spirabile
756 1139 855 1206 lumen,
967 1155 1004 1192 ooo

150 1215 247 1268 Tollite
265 1231 316 1280 me,
336 1214 448 1278 Teucri;
465 1230 650 1281 quascumque
668 1213 796 1268 abducite
814 1219 917 1280 terras;

151 1291 211 1343 Hoc
229 1294 272 1342 sat
289 1290 348 1342 crit.
387 1288 448 1343 Scio
467 1306 510 1342 me
531 1289 633 1342 Danais
653 1306 668 1341 o
686 1289 818 1342 classibus
836 1307 928 1358 unum,

150 1366 186 1419 Et
204 1366 275 1419 bello
295 1365 393 1418 Iliacos
411 1365 500 1418 fateor
518 1363 631 1432 petiisse
651 1364 769 1417 Penatis.

150 1442 204 1495 Pro
222 1459 283 1510 quo,
301 1441 324 1494 si
342 1441 451 1494 sceleris
469 1444 547 1494 tauta
565 1443 608 1492 est
627 1440 725 1493 iniuria
743 1442 835 1506 nostri,

150 1519 277 1587 Spargite
289 1535 332 1571 me
345 1519 372 1570 in
384 1517 491 1585 fluetus,
504 1520 635 1584 vastoque
648 1517 794 1585 inmergite
806 1523 896 1587 ponto.
967 1533 1003 1572 sot

150 1595 179 1648 si
196 1612 285 1664 pereo,
304 1594 443 1648 homiuum
462 1593 586 1648 manibus
606 1593 720 1662 periisse
739 1594 848 1649 iuvabit.
924 1597 926 1604 ’

152 1672 271 1736 Dixerat,
290 1675 318 1724 et
336 1687 425 1738 genua
443 1670 583 1738 amplexus
601 1669 772 1737 genibusque
791 1670 916 1725 volutans

151 1748 299 1802 Haerebat.
336 1747 387 1812 Qui
406 1747 450 1812 sit,
469 1746 526 1808 fari,
545 1763 598 1814 quo
618 1747 748 1814 sanguine
766 1751 864 1815 cretus,

150 1825 317 1890 Hortamur;
336 1841 406 1892 quae
425 1823 523 1880 deinde
542 1824 628 1891 agitet
646 1824 763 1888 fortuna,
782 1824 868 1878 fateri.

151 1902 215 1970 Ipse
226 1906 305 1970 pater
318 1900 446 1954 dextram
461 1899 603 1966 Anchises,
618 1899 692 1952 haud
705 1899 790 1952 multa
802 1903 932 1967 moratus,
967 1915 1003 1954 oro

151 1977 206 2031 Dat
224 1977 321 2042 iuveni,
341 1979 424 2042 atque
442 1977 562 2028 animum
581 1977 718 2045 praesenti
736 1977 848 2044 pignore
866 1977 964 2029 firmat.

152 2054 203 2107 llle
221 2053 294 2118 haec,
313 2051 438 2120 deposita
455 2051 567 2106 tandem
586 2052 737 2121 formidine,
755 2052 840 2107 fatur:

151 2130 216 2183 Sum
234 2129 324 2197 patria
342 2145 375 2181 cx
396 2128 498 2195 Ithaca,
518 2146 607 2184 comes
626 2129 740 2184 infelicis
760 2130 841 2197 Ulixi,

152 2206 259 2259 Nomen
281 2205 489 2272 Achomenides,
511 2206 618 2259 Troiam
637 2207 759 2274 genitore
780 2207 930 2260 Adamasto

154 2283 509 2350 Paupere-nransissetque
523 2284 626 2336 utinam
640 2284 749 2336 fortuna
757 2283 941 2351 l-prolectus.
968 2295 1004 2334 ors

154 2360 206 2413 llio
224 2377 275 2427 me,
294 2359 358 2412 duur
378 2360 479 2427 trepidi
499 2360 619 2412 crudelia
637 2359 730 2412 limina
748 2358 883 2426 linquunt,

154 2437 319 2489 Inmemores
338 2436 402 2488 socii
421 2439 497 2488 vasto
518 2436 641 2503 Cyclopis
661 2436 687 2488 in
706 2439 786 2488 antro

153 2512 312 2565 Deseruere.
350 2511 453 2564 Domus
472 2512 546 2563 sanic
566 2511 736 2578 dapibusque
755 2508 883 2574 eruentis,

154 2589 230 2641 Intus
248 2605 339 2655 opaea,
358 2588 460 2654 ingens.
498 2587 561 2654 lpse
580 2587 689 2650 arduus,
709 2585 818 2653 altaque
835 2585 941 2652 pulsat¹

153 2664 326 2726 Sidera—Di,
346 2664 429 2716 taleni
448 2665 530 2717 terris
548 2663 665 2717 avertite
683 2664 837 2729 posteml—
970 2675 1006 2715 oa)

152 2737 210 2793 Nec
228 2741 287 2794 visu
306 2740 391 2794 facilis
410 2757 459 2793 nec
478 2740 553 2794 dictu
573 2737 699 2792 adfabilis
717 2737 773 2790 ulli.

152 2817 310 2870 Visceribus
329 2819 488 2872 miserorum
508 2822 536 2872 et
555 2815 685 2883 sanguine
704 2815 824 2868 vescitur
842 2820 909 2868 atro.

152 2891 218 2946 Vidi
237 2898 352 2962 egomet,
371 2893 424 2948 duo
444 2893 480 2947 de
498 2909 609 2948 numero
628 2909 688 2946 cum
708 2907 821 2960 corpora
839 2894 932 2945 nostro

154 2969 256 3024 Prensa
273 2988 355 3024 nranu
374 2988 471 3040 magna
489 2971 579 3024 medio
598 2969 741 3038 resupinus
759 2968 787 3020 in
805 2964 884 3020 antro

154 3045 305 3115 Frangeret
323 3047 358 3102 ad
377 3065 478 3114 saxium,
498 3049 627 3116 sanieque
645 3061 775 3114 exspersa
793 3046 920 3096 natarent
972 3054 1007 3092 aas

154 3123 276 3189 Limina;
294 3124 351 3178 vidi
370 3129 430 3178 atro
449 3142 509 3178 cum
529 3123 650 3178 membra
668 3121 781 3176 liuentia
799 3119 863 3173 tabo

154 3199 307 3268 Manderet,
325 3205 355 3256 et
373 3201 460 3270 tepidi
478 3205 630 3256 tremerent
648 3198 699 3253 sub
718 3195 846 3252 dontibus
864 3197 947 3249 artus.
