2278 3568
135 159 165 210 ro
336 147 337 150 ’
371 159 401 207 P.
420 157 577 205 veneror
594 157 763 206 mononis

134 239 288 303 Hauserat;
305 236 420 291 arebant
439 237 550 304 herbae,
569 241 599 290 ct
616 254 681 291 cava
699 238 809 294 flumina
826 241 905 296 siccis

134 315 269 371 Faucibus
287 315 323 368 ad
341 314 435 368 limum
454 313 524 368 radii
542 313 679 384 tepefacta
697 317 863 385 coquebant:

134 397 202 452 Oum
222 392 340 459 Proteus
357 397 487 446 consueta
505 396 603 462 petens
621 411 636 446 e
654 393 780 447 ductibus
798 399 877 449 antra

134 473 212 537 Ibat;
231 488 292 525 eum
311 470 382 523 vasti
400 471 500 523 circum
519 489 587 538 gens
604 470 717 524 humida
732 472 808 540 ponti
953 483 988 527 eso

133 550 280 604 Exsrdtans
297 565 387 602 rorem
406 548 462 601 lato
480 549 615 617 dispergit
632 565 761 602 amarum.

133 627 266 681 Sternunt
283 643 314 680 se
331 641 425 679 somno
443 625 567 680 diversae
584 627 612 678 in
630 626 711 679 litore
727 625 845 693 phocae;

133 703 204 774 Ipse,
223 705 299 758 velut
316 702 416 756 stabuli
434 707 526 757 custos
542 704 569 757 in
588 702 726 756 montibus
743 702 814 770 olim,

133 780 240 851 Vesper
256 781 303 834 ubi
323 799 339 834 e
357 784 438 848 pastu
456 781 557 834 vitulos
574 780 610 834 ad
627 783 702 833 tecta
719 777 825 832 reducit

99 875 101 881 ·
136 857 300 927 Auditisque
317 859 396 927 lupos
414 862 515 912 acuum
532 857 668 911 balatibus
685 855 755 923 agni,
952 869 988 910 stt

131 933 256 988 Considit
275 933 384 1004 scopulo
403 934 517 1002 medius,
536 948 733 1002 numerumque
751 936 881 988 recenset

131 1009 215 1064 Cuius
234 1013 362 1066 Aristaeo
382 1012 509 1081 quoniam
528 1015 570 1064 est
589 1010 682 1064 oblata
698 1009 820 1075 facultas,

131 1086 185 1139 Vix
203 1088 311 1142 defessa
328 1103 423 1141 senem
442 1104 538 1156 passus
556 1103 709 1156 conponere
725 1084 856 1152 membra,

131 1162 199 1217 (lum
217 1164 335 1218 clamere
354 1164 410 1218 ruit
428 1181 535 1231 magno,
553 1163 719 1231 manicisque
735 1163 868 1216 iacentem

129 1238 258 1309 Occupat
297 1240 348 1293 Ille
367 1257 433 1293 snae
451 1244 546 1292 contra
563 1257 617 1292 non
634 1239 768 1292 inmemor
785 1239 853 1292 artis
949 1253 985 1294 eso

130 1315 228 1370 Omnia
245 1317 423 1370 transformat
442 1332 502 1369 sese
520 1316 548 1368 in
566 1315 696 1368 nriracnla
713 1332 812 1380 rorum,

130 1392 288 1462 ignemque,
301 1392 516 1460 horribilemque
527 1393 621 1458 ieram,
633 1392 800 1460 fluviumque
812 1392 972 1460 liquentem.

129 1468 233 1523 Verum
250 1469 297 1522 ubi
314 1469 390 1522 nulla
405 1469 498 1536 iugem
517 1469 621 1538 reperit
639 1469 750 1534 fallacia,
768 1469 856 1522 victus

130 1545 162 1598 In
181 1562 241 1600 soso
258 1545 338 1613 redit,
357 1548 441 1615 atque
461 1545 579 1599 hominis
596 1545 709 1599 tandem
728 1561 775 1598 ore
792 1545 912 1600 locutus:

128 1621 198 1675 Nam
217 1622 279 1691 quis
295 1631 333 1688 tc,
351 1622 479 1675 iuvenum
499 1622 736 1689 confidentissimo,
753 1626 861 1676 nostras
946 1638 982 1676 sat

128 1697 213 1752 Iussit
224 1698 302 1752 adire
314 1698 425 1752 dornosl
445 1698 547 1768 quidve
559 1699 622 1752 hinc
633 1698 721 1768 petisl
736 1699 832 1766 inquit.
868 1701 908 1752 At
919 1700 981 1754 ille:

127 1773 192 1844 Scis,
212 1775 322 1840 Proteu,
341 1775 394 1828 scis
411 1777 485 1843 ipso;
503 1791 593 1842 nequo
610 1780 652 1828 cst
667 1779 696 1828 to
713 1775 807 1828 fallere
823 1776 983 1843 quicquam

127 1849 182 1904 Sed
199 1855 230 1904 tu
249 1851 343 1905 desine
360 1851 437 1904 velle.
475 1851 564 1904 Deum
582 1857 729 1920 praecepta
747 1851 834 1904 secuti

127 1926 266 1995 Venimus,
284 1927 347 1980 hinc
364 1927 443 1980 lassis
460 1928 613 1995 quaesitum
634 1928 741 1982 oracula
759 1927 847 1981 rebus.

125 2002 242 2057 Tantum
261 2003 365 2057 effatus.
402 2003 450 2056 Ad
468 2003 536 2056 haec
553 2008 631 2057 vates
649 2005 675 2056 vi
693 2004 812 2071 denique
830 2004 917 2058 multa
944 2019 982 2058 sto

126 2080 259 2134 Ardentis
276 2080 368 2134 ocrrlos
385 2080 498 2134 intorsit
515 2080 617 2134 lumine
635 2081 738 2149 glauco,

125 2155 161 2210 Et
178 2157 300 2225 graviter
316 2156 450 2211 frendens
467 2157 506 2210 sic
523 2157 588 2211 fatis
607 2175 655 2211 ora
674 2158 797 2211 resolvit:

160 2233 183 2285 N
187 2249 222 2286 on
240 2237 270 2287 te
287 2233 387 2287 nullius
406 2237 535 2288 exercent
553 2234 672 2288 numinis
690 2235 754 2287 irae.

125 2308 225 2376 Magna
242 2310 294 2362 luis
312 2311 467 2365 commissa:
486 2310 537 2364 tibi
556 2310 606 2364 has
624 2309 786 2364 miserabilis
804 2313 931 2379 Orpheus

126 2384 208 2439 Haud
227 2403 363 2456 quaquam
382 2386 418 2440 ob
437 2387 565 2441 meritum
585 2404 694 2454 poenas,
711 2386 739 2438 ni
759 2386 828 2438 Fata
844 2387 980 2453 resistant,

124 2461 251 2530 Suscitat,
270 2468 299 2517 et
315 2468 396 2533 rapta
413 2463 537 2532 graviter
555 2477 606 2530 pro
625 2462 738 2530 coniuge
757 2461 849 2514 saevit.
944 2479 981 2516 sea

124 2537 177 2592 Illa
194 2540 313 2609 quidem,
333 2541 398 2593 dum
416 2544 446 2593 te
464 2540 574 2607 fugeret
593 2555 643 2607 per
661 2538 771 2590 flumina
788 2553 926 2606 praeceps,

124 2613 264 2670 Iomanem
283 2621 348 2671 anto
365 2617 451 2685 pedes
468 2616 586 2683 hydrum
605 2615 738 2668 moritura
755 2612 846 2683 puella

123 2692 284 2747 Servantem
301 2694 376 2762 ripas
393 2694 450 2746 alta
468 2709 520 2744 non
541 2691 610 2744 uidit
628 2690 656 2744 in
675 2689 767 2745 herba.

123 2768 163 2822 At
181 2770 279 2823 chorus
297 2769 420 2837 aequalis
438 2768 576 2836 Dryadum
596 2768 714 2821 clamore
733 2784 873 2836 supremos
944 2783 979 2820 soc

123 2844 268 2913 Inplerunt
285 2846 401 2909 montis;
420 2845 521 2897 flerunt
543 2844 719 2914 Rhodopeiae
737 2861 821 2912 arces,

124 2921 244 2990 Altaque
264 2923 397 2988 Pangaea,
417 2925 446 2973 ct
465 2921 549 2974 Rhesi
569 2920 705 2974 Mavortia
723 2921 811 2990 tellus,

124 2999 217 3066 Atque
236 2998 331 3064 Getae,
350 3000 436 3065 atquo
455 2995 575 3065 Hebrus,
594 3000 623 3050 ct
642 2998 738 3051 Actias
757 2997 888 3066 Orithyia

123 3072 195 3140 ipso,
213 3089 279 3125 cava
296 3071 386 3125 solans
403 3089 515 3139 aegrum
533 3074 672 3127 testudine
691 3090 818 3140 amorem,

123 3148 168 3215 'l'e,
187 3147 274 3201 dulcis
292 3149 416 3214 coniunx,
436 3155 464 3202 te
483 3150 539 3203 solo
556 3151 585 3203 in
603 3151 682 3204 litore
701 3168 801 3216 secum,
943 3163 979 3206 sas

122 3224 161 3278 'le
178 3224 304 3279 veniente
322 3223 374 3289 die,
393 3234 423 3279 te
441 3224 593 3281 decedente
611 3226 732 3283 canebat
