2290 3568
110 153 157 200 222
336 149 363 197 P.
383 149 536 197 VERGILI
554 149 720 200 MARONIS

111 231 214 284 Arvina
232 229 331 298 pingui,
349 228 535 296 subiguntque
554 229 581 281 in
599 233 660 284 eote
679 247 801 296 secures3

110 307 246 374 Signaque
264 306 336 360 ferre
353 306 437 372 iuvat,
456 306 614 374 sonitusque
632 307 728 360 audire
746 306 882 362 tuhamm.

110 384 236 451 Quinque
253 382 324 436 adeo
340 398 455 449 magnae
473 381 569 450 positis
586 382 728 436 incudibus
747 383 829 436 urbes

110 459 176 513 Tela
192 464 301 526 novant,
320 459 406 511 Atina
423 461 522 526 potens
541 458 681 526 Tiburque
699 459 856 528 superbum,
926 472 963 510 ceo

112 536 206 590 Ardea
225 535 451 603 Crustumerique
470 538 500 588 et
516 536 669 603 turrigerae
688 536 850 588 Antemnae.

110 613 240 682 Tegmina
259 616 322 666 tuta
340 613 437 664 cavant
455 612 583 680 capitum,
601 612 769 680 flectuntque
787 611 905 678 salignas

110 690 265 743 Umbonum
284 688 380 753 cratis;
399 687 444 741 alii
462 687 588 742 thoracas
605 705 687 742 aenos

110 767 169 820 Aut
187 766 254 819 levis
271 781 364 818 ocreas
381 764 456 818 lento
475 764 578 817 ducunt
597 767 723 832 argentm

111 843 236 896 Vomeris
253 841 306 894 huc
324 843 353 894 ct
370 836 557 907 lalcis'houos
575 840 627 893 huc
645 840 731 893 omnis
749 838 834 892 aratri
927 853 964 891 aas

110 918 200 972 Cessit
217 934 307 982 amor;
325 919 478 985 recoquunt
497 917 600 984 patrios
616 914 769 968 fornacibus
787 929 873 968 enses

110 994 229 1048 Classica
246 994 355 1062 iamque
374 996 485 1057 sonant3
502 992 526 1046 it
544 991 615 1045 bello
633 996 738 1044 tessera
756 991 870 1058 signum.

110 1069 165 1123 Hic
182 1070 288 1138 galcam
306 1069 388 1123 tectis
405 1069 532 1138 trepidus
549 1069 635 1137 rapit;
653 1067 700 1121 ille
716 1067 858 1120 frementis

111 1146 157 1198 Ad
174 1147 237 1214 iuga
254 1146 328 1212 cogit
346 1161 446 1213 equos;
463 1145 634 1213 clipeumque
653 1159 773 1211 auroque
791 1143 906 1196 trilicem

109 1221 233 1275 Loricam
250 1222 380 1287 induitur,
399 1221 511 1289 fidoque
530 1221 681 1288 accingitur
698 1236 771 1274 ense.
925 1231 962 1272 em

145 1297 263 1349 Pandite
280 1313 351 1349 nuuc
373 1297 512 1362 Helicona,
531 1296 607 1362 deae,
625 1300 776 1364 cantusque
795 1297 908 1362 movete,

110 1372 163 1436 Qui
180 1372 252 1426 bello
269 1372 457 1439 excitireges,
477 1388 547 1440 quae
564 1388 700 1440 quemque
719 1376 828 1426 secutam

110 1448 270 1516 Conplcriut
287 1464 397 1516 campos
415 1449 493 1515 aeica,
512 1447 611 1516 quibus
630 1448 703 1502 Itala
720 1450 774 1501 iam
792 1452 851 1502 tum

111 1524 248 1578 Fleruerit
265 1528 341 1578 terra
359 1524 431 1577 alma
449 1525 521 1591 viris,
541 1523 640 1591 quibus
658 1526 756 1578 arserit
773 1525 870 1588 arruis3

110 1601 146 1655 Et
164 1601 325 1655 meministis
342 1601 422 1667 cuim,
441 1600 527 1667 divae,
545 1604 574 1654 et
591 1618 742 1654 memorare
760 1601 890 1670 potestis,
927 1615 963 1652 aa

111 1677 158 1730 Ad
175 1695 224 1732 nos
242 1678 287 1731 rix
304 1677 395 1731 tenuis
412 1678 501 1730 famae
519 1677 671 1746 perlabitur·
689 1693 761 1730 aura.

146 1754 254 1808 Primus
270 1754 323 1807 iuit
340 1753 443 1807 bellum
463 1753 608 1822 'l’yrrheuis
626 1769 706 1820 asper
724 1752 758 1805 ab
776 1753 829 1805 oris

111 1830 290 1898 Contemptor
307 1830 397 1883 divom
416 1830 569 1884 Mezentius
587 1829 749 1897 agminaque
767 1831 862 1882 armat.

111 1907 196 1959 Filius
212 1906 275 1959 huic
292 1905 369 1959 iuxta
389 1906 501 1970 Lausus
521 1921 575 1973 quo
593 1905 731 1974 pulchrior
747 1905 818 1958 alter

111 1982 135 2034 N
139 1999 172 2034 on
190 1982 250 2048 suit,
269 1985 383 2050 excepto
403 1981 547 2034 Laurentis
565 1998 679 2049 corpore
699 1981 788 2034 Turni.
929 1993 965 2031 ao

112 2059 224 2125 lausus,
242 2074 343 2126 equum
361 2056 481 2110 domitor
499 2057 708 2125 debellatorque
726 2057 852 2124 serarum,

111 2134 194 2188 Ducit
213 2134 341 2203 Agyllina
358 2134 523 2202 nequiquam
541 2150 575 2186 ex
594 2134 661 2187 urhe
679 2137 787 2187 secutos

112 2211 188 2264 Mille
204 2211 283 2276 viros
301 2211 408 2278 dignus,
427 2210 525 2278 patriis
542 2210 590 2278 qui
608 2210 706 2264 laetior
724 2213 797 2264 esset

112 2287 236 2355 luperiis,
254 2291 284 2340 et
300 2288 343 2340 cui
360 2290 441 2356 pater
458 2287 531 2340 haud
550 2287 703 2340 Mezentius
720 2289 800 2340 esset

149 2365 212 2416 Post
230 2363 279 2416 hos
296 2364 429 2430 insignem
447 2363 538 2431 palma
555 2379 604 2430 por
621 2363 746 2428 gramina
763 2377 872 2414 currum
927 2375 963 2415 me

112 2440 292 2506 Victoresque
310 2443 432 2491 ostentat
451 2454 536 2505 equos
554 2441 630 2488 artus
650 2437 770 2489 Hercule
786 2436 900 2503 pulchro

112 2515 229 2568 Pulcher
248 2514 409 2580 Aventinus,
427 2513 568 2580 clipeoque
586 2512 691 2580 insigne
709 2515 853 2580 paternum

112 2592 228 2645 (lentum
245 2590 341 2658 anguis
358 2589 529 2657 cinctamque
545 2588 618 2655 gerit
634 2588 808 2656 serpentibus
826 2587 962 2656 Hydram;

112 2667 193 2720 Collis
212 2666 343 2720 Aventini
362 2666 428 2718 silva
446 2681 528 2734 quem
549 2665 626 2717 Rhea
644 2664 772 2718 sacerdos

113 2743 255 2796 Furtivum
273 2745 353 2810 partu
372 2741 422 2794 sub
441 2741 550 2794 luminis
570 2740 656 2794 edidit
675 2757 743 2808 eras,
928 2755 963 2792 oce

112 2817 201 2872 Mixta
219 2818 272 2872 dee
289 2819 393 2887 mulier,
412 2821 557 2887 postquam
578 2817 725 2870 Laurentia
741 2817 830 2870 victor

112 2895 235 2964 Geryone
253 2896 388 2949 exstineto
406 2895 562 2963 Tirynthius
579 2894 673 2962 attigit
691 2909 763 2959 arva,

112 2971 304 3040 Tyrrhenoque
321 2972 404 3026 boves
422 2973 449 3025 in
468 2971 579 3024 flumine
596 2970 664 3023 lavit
684 2970 810 3023 Hiberas.

114 3046 171 3100 Pila
189 3065 270 3101 manu
288 3064 436 3116 saevosque
453 3051 554 3115 gerunt
571 3046 598 3100 iu
616 3046 688 3100 bolla
705 3046 824 3111 dolones,

113 3121 149 3175 Et
167 3125 250 3177 tereti
269 3129 391 3192 puguant
409 3140 536 3176 mucrone
554 3139 674 3191 veruque
692 3121 807 3176 Sabello.
928 3133 963 3171 ets

113 3198 177 3266 lpse
194 3200 286 3268 pedes,
305 3204 433 3267 tegumen
452 3203 582 3268 torquens
599 3199 706 3253 inmane
724 3197 816 3264 leeris,
