<?xml version="1.0" encoding="UTF-8"?>
<!DOCTYPE html PUBLIC "-//W3C//DTD XHTML 1.0 Transitional//EN"
    "http://www.w3.org/TR/xhtml1/DTD/xhtml1-transitional.dtd">
<html xmlns="http://www.w3.org/1999/xhtml" xml:lang="en" lang="en">
 <head>
  <title>
</title>
<meta http-equiv="Content-Type" content="text/html;charset=utf-8" />
  <meta name='ocr-system' content='tesseract 3.04.00' />
  <meta name='ocr-capabilities' content='ocr_page ocr_carea ocr_par ocr_line ocrx_word'/>
</head>
<body>
  <div class='ocr_page' id='page_1' title='image "./operaexrecensio01virggoog_0321.png"; bbox 0 0 2268 3570; ppageno 0'>
   <div class='ocr_carea' id='block_1_1' title="bbox 112 136 726 190">
    <p class='ocr_par' dir='ltr' id='par_1_1' title="bbox 112 136 726 190">
     <span class='ocr_line' id='line_1_1' title="bbox 112 136 726 190; baseline -0.008 -2"><span class='ocrx_word' id='word_1_1' title='bbox 112 143 158 190; x_wconf 79' lang='lat'>312</span> <span class='ocrx_word' id='word_1_2' title='bbox 339 139 367 184; x_wconf 89' lang='lat' dir='ltr'>P.</span> <span class='ocrx_word' id='word_1_3' title='bbox 390 136 541 184; x_wconf 83' lang='lat' dir='ltr'><strong>VERGILI</strong></span> <span class='ocrx_word' id='word_1_4' title='bbox 559 136 726 183; x_wconf 80' lang='lat' dir='ltr'>MARONIS</span> 
     </span>
    </p>
   </div>
   <div class='ocr_carea' id='block_1_2' title="bbox 35 217 964 3181">
    <p class='ocr_par' dir='ltr' id='par_1_2' title="bbox 35 217 964 3181">
     <span class='ocr_line' id='line_1_2' title="bbox 111 217 815 286; baseline 0 -16"><span class='ocrx_word' id='word_1_5' title='bbox 111 217 197 270; x_wconf 89' lang='lat' dir='ltr'>Obliti</span> <span class='ocrx_word' id='word_1_6' title='bbox 216 218 308 286; x_wconf 81' lang='lat' dir='ltr'>ignote</span> <span class='ocrx_word' id='word_1_7' title='bbox 327 235 482 285; x_wconf 88' lang='lat' dir='ltr'>camporum</span> <span class='ocrx_word' id='word_1_8' title='bbox 500 217 528 269; x_wconf 94' lang='lat' dir='ltr'>in</span> <span class='ocrx_word' id='word_1_9' title='bbox 547 217 657 285; x_wconf 92' lang='lat' dir='ltr'>pulvere</span> <span class='ocrx_word' id='word_1_10' title='bbox 675 217 815 285; x_wconf 90' lang='lat' dir='ltr'>linquunt;</span> 
     </span>
     <span class='ocr_line' id='line_1_3' title="bbox 112 293 829 362; baseline 0.003 -16"><span class='ocrx_word' id='word_1_11' title='bbox 112 294 178 362; x_wconf 84' lang='lat' dir='ltr'>Opis</span> <span class='ocrx_word' id='word_1_12' title='bbox 197 293 233 346; x_wconf 89' lang='lat' dir='ltr'>ad</span> <span class='ocrx_word' id='word_1_13' title='bbox 251 293 402 346; x_wconf 82' lang='lat' dir='ltr'>aetherium</span> <span class='ocrx_word' id='word_1_14' title='bbox 421 295 517 362; x_wconf 87' lang='lat' dir='ltr'>pennis</span> <span class='ocrx_word' id='word_1_15' title='bbox 536 294 659 346; x_wconf 81' lang='lat' dir='ltr'><strong>aufertur</strong></span> <span class='ocrx_word' id='word_1_16' title='bbox 679 293 829 361; x_wconf 76' lang='lat' dir='ltr'>Olympum.</span> 
     </span>
     <span class='ocr_line' id='line_1_4' title="bbox 147 367 899 435; baseline 0.005 -15"><span class='ocrx_word' id='word_1_17' title='bbox 147 369 237 422; x_wconf 89' lang='lat' dir='ltr'>Prima</span> <span class='ocrx_word' id='word_1_18' title='bbox 255 368 332 435; x_wconf 81' lang='lat' dir='ltr'>fugit,</span> <span class='ocrx_word' id='word_1_19' title='bbox 351 367 460 422; x_wconf 90' lang='lat' dir='ltr'>domina</span> <span class='ocrx_word' id='word_1_20' title='bbox 479 369 585 435; x_wconf 82' lang='lat' dir='ltr'>amissa,</span> <span class='ocrx_word' id='word_1_21' title='bbox 604 369 672 422; x_wconf 91' lang='lat' dir='ltr'>levis</span> <span class='ocrx_word' id='word_1_22' title='bbox 690 370 733 422; x_wconf 87' lang='lat' dir='ltr'>ala</span> <span class='ocrx_word' id='word_1_23' title='bbox 752 369 899 434; x_wconf 85' lang='lat' dir='ltr'>Camillae;</span> 
     </span>
     <span class='ocr_line' id='line_1_5' title="bbox 113 445 770 514; baseline 0.002 -16"><span class='ocrx_word' id='word_1_24' title='bbox 113 445 223 498; x_wconf 81' lang='lat' dir='ltr'>Turbati</span> <span class='ocrx_word' id='word_1_25' title='bbox 242 446 350 512; x_wconf 85' lang='lat' dir='ltr'>lugiunt</span> <span class='ocrx_word' id='word_1_26' title='bbox 370 445 473 514; x_wconf 83' lang='lat' dir='ltr'>Rutuli,</span> <span class='ocrx_word' id='word_1_27' title='bbox 493 447 563 514; x_wconf 81' lang='lat' dir='ltr'>fugit</span> <span class='ocrx_word' id='word_1_28' title='bbox 582 464 644 500; x_wconf 88' lang='lat' dir='ltr'>acer</span> <span class='ocrx_word' id='word_1_29' title='bbox 663 447 770 514; x_wconf 88' lang='lat' dir='ltr'>Atinas,</span> 
     </span>
     <span class='ocr_line' id='line_1_6' title="bbox 115 522 964 591; baseline 0.004 -18"><span class='ocrx_word' id='word_1_30' title='bbox 115 522 280 590; x_wconf 84' lang='lat' dir='ltr'>Disiectique</span> <span class='ocrx_word' id='word_1_31' title='bbox 300 522 383 576; x_wconf 90' lang='lat' dir='ltr'>duces</span> <span class='ocrx_word' id='word_1_32' title='bbox 402 522 573 590; x_wconf 86' lang='lat' dir='ltr'>desolatique</span> <span class='ocrx_word' id='word_1_33' title='bbox 591 523 702 591; x_wconf 82' lang='lat' dir='ltr'>manipli</span> <span class='ocrx_word' id='word_1_34' title='bbox 889 578 891 583; x_wconf 73' lang='grc'>,</span> <span class='ocrx_word' id='word_1_35' title='bbox 927 537 964 576; x_wconf 80' lang='lat' dir='ltr'>svo</span> 
     </span>
     <span class='ocr_line' id='line_1_7' title="bbox 111 598 875 668; baseline 0.003 -18"><span class='ocrx_word' id='word_1_36' title='bbox 111 598 181 651; x_wconf 87' lang='lat' dir='ltr'>Tuta</span> <span class='ocrx_word' id='word_1_37' title='bbox 199 603 304 666; x_wconf 89' lang='lat' dir='ltr'>petunt,</span> <span class='ocrx_word' id='word_1_38' title='bbox 324 605 352 652; x_wconf 90' lang='lat' dir='ltr'>et</span> <span class='ocrx_word' id='word_1_39' title='bbox 371 600 448 668; x_wconf 90' lang='lat' dir='ltr'>equis</span> <span class='ocrx_word' id='word_1_40' title='bbox 466 599 554 652; x_wconf 87' lang='lat' dir='ltr'>aversi</span> <span class='ocrx_word' id='word_1_41' title='bbox 573 599 609 654; x_wconf 87' lang='lat' dir='ltr'>ad</span> <span class='ocrx_word' id='word_1_42' title='bbox 626 600 733 652; x_wconf 89' lang='lat' dir='ltr'>moenia</span> <span class='ocrx_word' id='word_1_43' title='bbox 750 600 875 654; x_wconf 89' lang='lat' dir='ltr'>tendunt.</span> 
     </span>
     <span class='ocr_line' id='line_1_8' title="bbox 111 675 906 742; baseline 0.003 -16"><span class='ocrx_word' id='word_1_44' title='bbox 111 675 170 727; x_wconf 78' lang='lat' dir='ltr'>Nec</span> <span class='ocrx_word' id='word_1_45' title='bbox 189 675 333 742; x_wconf 86' lang='lat' dir='ltr'>quisquam</span> <span class='ocrx_word' id='word_1_46' title='bbox 351 676 479 728; x_wconf 88' lang='lat' dir='ltr'>instantis</span> <span class='ocrx_word' id='word_1_47' title='bbox 499 675 616 728; x_wconf 80' lang='lat' dir='ltr'>Teucros</span> <span class='ocrx_word' id='word_1_48' title='bbox 635 675 775 741; x_wconf 87' lang='lat' dir='ltr'>letumque</span> <span class='ocrx_word' id='word_1_49' title='bbox 793 675 906 728; x_wconf 84' lang='lat' dir='ltr'>ferentis</span> 
     </span>
     <span class='ocr_line' id='line_1_9' title="bbox 113 751 765 818; baseline 0 -14"><span class='ocrx_word' id='word_1_50' title='bbox 113 751 274 804; x_wconf 79' lang='lat' dir='ltr'>Sustentare</span> <span class='ocrx_word' id='word_1_51' title='bbox 294 751 366 805; x_wconf 90' lang='lat' dir='ltr'>valet</span> <span class='ocrx_word' id='word_1_52' title='bbox 384 751 455 818; x_wconf 86' lang='lat' dir='ltr'>telis,</span> <span class='ocrx_word' id='word_1_53' title='bbox 474 755 523 805; x_wconf 90' lang='lat' dir='ltr'>aut</span> <span class='ocrx_word' id='word_1_54' title='bbox 542 753 639 806; x_wconf 80' lang='lat' dir='ltr'>sistere</span> <span class='ocrx_word' id='word_1_55' title='bbox 657 754 765 816; x_wconf 88' lang='lat' dir='ltr'>contra;</span> 
     </span>
     <span class='ocr_line' id='line_1_10' title="bbox 109 826 858 895; baseline 0.008 -19"><span class='ocrx_word' id='word_1_56' title='bbox 109 826 164 880; x_wconf 75' lang='lat' dir='ltr'>ried</span> <span class='ocrx_word' id='word_1_57' title='bbox 182 826 258 880; x_wconf 80' lang='lat' dir='ltr'>laxos</span> <span class='ocrx_word' id='word_1_58' title='bbox 277 828 400 880; x_wconf 89' lang='lat' dir='ltr'>referunt</span> <span class='ocrx_word' id='word_1_59' title='bbox 419 827 539 880; x_wconf 87' lang='lat' dir='ltr'>humeris</span> <span class='ocrx_word' id='word_1_60' title='bbox 558 827 754 895; x_wconf 76' lang='lat' dir='ltr'>languentibus</span> <span class='ocrx_word' id='word_1_61' title='bbox 772 844 858 894; x_wconf 66' lang='lat' dir='ltr'>arcun,</span> 
     </span>
     <span class='ocr_line' id='line_1_11' title="bbox 111 902 963 973; baseline 0.002 -18"><span class='ocrx_word' id='word_1_62' title='bbox 111 902 379 973; x_wconf 84' lang='lat' dir='ltr'>Quadrupedumque</span> <span class='ocrx_word' id='word_1_63' title='bbox 392 908 502 971; x_wconf 90' lang='lat' dir='ltr'>putrem</span> <span class='ocrx_word' id='word_1_64' title='bbox 515 921 596 958; x_wconf 89' lang='lat' dir='ltr'>cursu</span> <span class='ocrx_word' id='word_1_65' title='bbox 613 904 703 971; x_wconf 88' lang='lat' dir='ltr'>quatit</span> <span class='ocrx_word' id='word_1_66' title='bbox 719 903 819 970; x_wconf 86' lang='lat' dir='ltr'>ungula</span> <span class='ocrx_word' id='word_1_67' title='bbox 830 920 963 972; x_wconf 88' lang='lat' dir='ltr'>campum.</span> 
     </span>
     <span class='ocr_line' id='line_1_12' title="bbox 111 978 964 1048; baseline 0 -17"><span class='ocrx_word' id='word_1_68' title='bbox 111 978 238 1034; x_wconf 77' lang='lat' dir='ltr'>Volvitur</span> <span class='ocrx_word' id='word_1_69' title='bbox 256 981 291 1033; x_wconf 91' lang='lat' dir='ltr'>ad</span> <span class='ocrx_word' id='word_1_70' title='bbox 310 998 402 1034; x_wconf 89' lang='lat' dir='ltr'>muros</span> <span class='ocrx_word' id='word_1_71' title='bbox 420 981 536 1048; x_wconf 85' lang='lat' dir='ltr'>caligine</span> <span class='ocrx_word' id='word_1_72' title='bbox 554 980 682 1033; x_wconf 90' lang='lat' dir='ltr'>turbidus</span> <span class='ocrx_word' id='word_1_73' title='bbox 700 983 761 1032; x_wconf 90' lang='lat' dir='ltr'>atra</span> <span class='ocrx_word' id='word_1_74' title='bbox 927 994 964 1032; x_wconf 83' lang='lat' dir='ltr'>evo</span> 
     </span>
     <span class='ocr_line' id='line_1_13' title="bbox 110 1054 843 1125; baseline 0.003 -19"><span class='ocrx_word' id='word_1_75' title='bbox 110 1054 210 1123; x_wconf 85' lang='lat' dir='ltr'>Pulvis,</span> <span class='ocrx_word' id='word_1_76' title='bbox 229 1060 259 1109; x_wconf 90' lang='lat' dir='ltr'>et</span> <span class='ocrx_word' id='word_1_77' title='bbox 278 1074 292 1108; x_wconf 94' lang='lat' dir='ltr'>c</span> <span class='ocrx_word' id='word_1_78' title='bbox 312 1057 428 1124; x_wconf 84' lang='lat' dir='ltr'>speculis</span> <span class='ocrx_word' id='word_1_79' title='bbox 446 1073 592 1125; x_wconf 83' lang='lat' dir='ltr'>percussae</span> <span class='ocrx_word' id='word_1_80' title='bbox 611 1059 725 1125; x_wconf 87' lang='lat' dir='ltr'>pectora</span> <span class='ocrx_word' id='word_1_81' title='bbox 741 1060 843 1108; x_wconf 90' lang='lat' dir='ltr'>matres</span> 
     </span>
     <span class='ocr_line' id='line_1_14' title="bbox 110 1131 808 1186; baseline 0.004 -3"><span class='ocrx_word' id='word_1_82' title='bbox 110 1131 268 1186; x_wconf 81' lang='lat' dir='ltr'>Femineum</span> <span class='ocrx_word' id='word_1_83' title='bbox 287 1132 432 1185; x_wconf 87' lang='lat' dir='ltr'>clamorem</span> <span class='ocrx_word' id='word_1_84' title='bbox 451 1133 487 1186; x_wconf 86' lang='lat' dir='ltr'>ad</span> <span class='ocrx_word' id='word_1_85' title='bbox 506 1133 574 1186; x_wconf 87' lang='lat' dir='ltr'>caeli</span> <span class='ocrx_word' id='word_1_86' title='bbox 593 1132 683 1185; x_wconf 88' lang='lat' dir='ltr'>sidera</span> <span class='ocrx_word' id='word_1_87' title='bbox 701 1131 808 1186; x_wconf 87' lang='lat' dir='ltr'>tollunt.</span> 
     </span>
     <span class='ocr_line' id='line_1_15' title="bbox 111 1207 767 1278; baseline 0.003 -18"><span class='ocrx_word' id='word_1_88' title='bbox 111 1207 162 1272; x_wconf 81' lang='lat' dir='ltr'>Qui</span> <span class='ocrx_word' id='word_1_89' title='bbox 182 1225 263 1261; x_wconf 89' lang='lat' dir='ltr'>cursu</span> <span class='ocrx_word' id='word_1_90' title='bbox 281 1212 374 1276; x_wconf 85' lang='lat' dir='ltr'>portas</span> <span class='ocrx_word' id='word_1_91' title='bbox 392 1210 473 1278; x_wconf 91' lang='lat' dir='ltr'>primi</span> <span class='ocrx_word' id='word_1_92' title='bbox 492 1210 621 1278; x_wconf 85' lang='lat' dir='ltr'>inrupere</span> <span class='ocrx_word' id='word_1_93' title='bbox 639 1209 767 1278; x_wconf 87' lang='lat' dir='ltr'>patentis,</span> 
     </span>
     <span class='ocr_line' id='line_1_16' title="bbox 111 1284 964 1354; baseline 0.002 -18"><span class='ocrx_word' id='word_1_94' title='bbox 111 1284 169 1337; x_wconf 87' lang='lat' dir='ltr'>llos</span> <span class='ocrx_word' id='word_1_95' title='bbox 188 1284 297 1337; x_wconf 87' lang='lat' dir='ltr'>inimica</span> <span class='ocrx_word' id='word_1_96' title='bbox 316 1301 398 1354; x_wconf 90' lang='lat' dir='ltr'>super</span> <span class='ocrx_word' id='word_1_97' title='bbox 417 1286 502 1339; x_wconf 84' lang='lat' dir='ltr'>mixto</span> <span class='ocrx_word' id='word_1_98' title='bbox 521 1285 623 1353; x_wconf 88' lang='lat' dir='ltr'>premit</span> <span class='ocrx_word' id='word_1_99' title='bbox 642 1285 749 1352; x_wconf 82' lang='lat' dir='ltr'>agmine</span> <span class='ocrx_word' id='word_1_100' title='bbox 767 1285 862 1348; x_wconf 90' lang='lat' dir='ltr'>turba;</span> <span class='ocrx_word' id='word_1_101' title='bbox 927 1293 964 1332; x_wconf 71' lang='lat'>⁸8⁰</span> 
     </span>
     <span class='ocr_line' id='line_1_17' title="bbox 108 1359 912 1429; baseline 0.002 -18"><span class='ocrx_word' id='word_1_102' title='bbox 108 1359 133 1411; x_wconf 94' lang='lat' dir='ltr'>N</span> <span class='ocrx_word' id='word_1_103' title='bbox 136 1376 167 1412; x_wconf 92' lang='lat' dir='ltr'>ec</span> <span class='ocrx_word' id='word_1_104' title='bbox 186 1360 312 1413; x_wconf 86' lang='lat' dir='ltr'>miseram</span> <span class='ocrx_word' id='word_1_105' title='bbox 331 1361 466 1428; x_wconf 86' lang='lat' dir='ltr'>effugiunt</span> <span class='ocrx_word' id='word_1_106' title='bbox 484 1365 608 1428; x_wconf 82' lang='lat' dir='ltr'>mortem,</span> <span class='ocrx_word' id='word_1_107' title='bbox 627 1360 677 1414; x_wconf 91' lang='lat' dir='ltr'>sed</span> <span class='ocrx_word' id='word_1_108' title='bbox 696 1359 789 1414; x_wconf 92' lang='lat' dir='ltr'>limine</span> <span class='ocrx_word' id='word_1_109' title='bbox 807 1361 834 1412; x_wconf 92' lang='lat' dir='ltr'>in</span> <span class='ocrx_word' id='word_1_110' title='bbox 853 1361 912 1429; x_wconf 85' lang='lat' dir='ltr'>ipso</span> 
     </span>
     <span class='ocr_line' id='line_1_18' title="bbox 35 1433 843 1505; baseline -0.001 -14"><span class='ocrx_word' id='word_1_111' title='bbox 35 1487 37 1491; x_wconf 79' lang='grc'>,</span> <span class='ocrx_word' id='word_1_112' title='bbox 108 1433 251 1489; x_wconf 87' lang='lat' dir='ltr'>Moenibus</span> <span class='ocrx_word' id='word_1_113' title='bbox 269 1436 296 1488; x_wconf 89' lang='lat' dir='ltr'>in</span> <span class='ocrx_word' id='word_1_114' title='bbox 315 1437 412 1504; x_wconf 85' lang='lat' dir='ltr'>patriis</span> <span class='ocrx_word' id='word_1_115' title='bbox 429 1440 513 1505; x_wconf 88' lang='lat' dir='ltr'>atque</span> <span class='ocrx_word' id='word_1_116' title='bbox 531 1435 604 1490; x_wconf 91' lang='lat' dir='ltr'>inter</span> <span class='ocrx_word' id='word_1_117' title='bbox 622 1440 684 1489; x_wconf 87' lang='lat' dir='ltr'>tuta</span> <span class='ocrx_word' id='word_1_118' title='bbox 702 1436 843 1490; x_wconf 91' lang='lat' dir='ltr'>domorum</span> 
     </span>
     <span class='ocr_line' id='line_1_19' title="bbox 108 1511 882 1580; baseline 0.001 -16"><span class='ocrx_word' id='word_1_119' title='bbox 108 1511 216 1564; x_wconf 77' lang='lat' dir='ltr'>Oonfixi</span> <span class='ocrx_word' id='word_1_120' title='bbox 235 1513 375 1580; x_wconf 81' lang='lat' dir='ltr'>exspirent</span> <span class='ocrx_word' id='word_1_121' title='bbox 394 1513 504 1566; x_wconf 86' lang='lat' dir='ltr'>animas.</span> <span class='ocrx_word' id='word_1_122' title='bbox 543 1512 611 1566; x_wconf 90' lang='lat' dir='ltr'>Pars</span> <span class='ocrx_word' id='word_1_123' title='bbox 629 1512 756 1565; x_wconf 78' lang='lat' dir='ltr'>claudere</span> <span class='ocrx_word' id='word_1_124' title='bbox 774 1517 882 1580; x_wconf 86' lang='lat' dir='ltr'>portas;</span> 
     </span>
     <span class='ocr_line' id='line_1_20' title="bbox 109 1587 837 1657; baseline 0.004 -18"><span class='ocrx_word' id='word_1_125' title='bbox 109 1587 164 1640; x_wconf 90' lang='lat' dir='ltr'>Nec</span> <span class='ocrx_word' id='word_1_126' title='bbox 183 1588 262 1640; x_wconf 83' lang='lat' dir='ltr'>sociis</span> <span class='ocrx_word' id='word_1_127' title='bbox 281 1589 389 1657; x_wconf 88' lang='lat' dir='ltr'>aperire</span> <span class='ocrx_word' id='word_1_128' title='bbox 408 1588 487 1657; x_wconf 89' lang='lat' dir='ltr'>viam,</span> <span class='ocrx_word' id='word_1_129' title='bbox 504 1605 555 1643; x_wconf 89' lang='lat' dir='ltr'>neo</span> <span class='ocrx_word' id='word_1_130' title='bbox 573 1587 716 1642; x_wconf 92' lang='lat' dir='ltr'>moenibus</span> <span class='ocrx_word' id='word_1_131' title='bbox 735 1589 837 1642; x_wconf 89' lang='lat' dir='ltr'>audent</span> 
     </span>
     <span class='ocr_line' id='line_1_21' title="bbox 108 1664 963 1734; baseline 0.004 -18"><span class='ocrx_word' id='word_1_132' title='bbox 108 1664 240 1733; x_wconf 79' lang='lat' dir='ltr'>Accipere</span> <span class='ocrx_word' id='word_1_133' title='bbox 259 1666 375 1729; x_wconf 89' lang='lat' dir='ltr'>orantis;</span> <span class='ocrx_word' id='word_1_134' title='bbox 395 1665 537 1734; x_wconf 86' lang='lat' dir='ltr'>oriturque</span> <span class='ocrx_word' id='word_1_135' title='bbox 555 1665 707 1719; x_wconf 88' lang='lat' dir='ltr'>miserrima</span> <span class='ocrx_word' id='word_1_136' title='bbox 725 1665 822 1718; x_wconf 87' lang='lat' dir='ltr'>caedes</span> <span class='ocrx_word' id='word_1_137' title='bbox 926 1682 963 1719; x_wconf 82' lang='lat' dir='ltr'>sse</span> 
     </span>
     <span class='ocr_line' id='line_1_22' title="bbox 107 1739 879 1810; baseline 0.006 -19"><span class='ocrx_word' id='word_1_138' title='bbox 107 1739 308 1794; x_wconf 80' lang='lat' dir='ltr'>Defendentum</span> <span class='ocrx_word' id='word_1_139' title='bbox 328 1743 410 1795; x_wconf 85' lang='lat' dir='ltr'>armis</span> <span class='ocrx_word' id='word_1_140' title='bbox 430 1743 529 1810; x_wconf 85' lang='lat' dir='ltr'>aditus,</span> <span class='ocrx_word' id='word_1_141' title='bbox 549 1743 632 1810; x_wconf 90' lang='lat' dir='ltr'>inque</span> <span class='ocrx_word' id='word_1_142' title='bbox 652 1758 728 1794; x_wconf 88' lang='lat' dir='ltr'>arma</span> <span class='ocrx_word' id='word_1_143' title='bbox 746 1746 879 1796; x_wconf 87' lang='lat' dir='ltr'>ruentum.</span> 
     </span>
     <span class='ocr_line' id='line_1_23' title="bbox 108 1816 899 1886; baseline 0.003 -18"><span class='ocrx_word' id='word_1_144' title='bbox 108 1816 215 1870; x_wconf 79' lang='lat' dir='ltr'>Exclusi</span> <span class='ocrx_word' id='word_1_145' title='bbox 233 1822 298 1871; x_wconf 89' lang='lat' dir='ltr'>anto</span> <span class='ocrx_word' id='word_1_146' title='bbox 317 1819 407 1872; x_wconf 90' lang='lat' dir='ltr'>oculos</span> <span class='ocrx_word' id='word_1_147' title='bbox 426 1818 673 1886; x_wconf 85' lang='lat' dir='ltr'>lacrimantumquc</span> <span class='ocrx_word' id='word_1_148' title='bbox 690 1834 737 1870; x_wconf 88' lang='lat' dir='ltr'>ora</span> <span class='ocrx_word' id='word_1_149' title='bbox 754 1822 899 1885; x_wconf 88' lang='lat' dir='ltr'>parentum</span> 
     </span>
     <span class='ocr_line' id='line_1_24' title="bbox 108 1892 755 1962; baseline 0.003 -18"><span class='ocrx_word' id='word_1_150' title='bbox 108 1892 174 1946; x_wconf 87' lang='lat' dir='ltr'>Pars</span> <span class='ocrx_word' id='word_1_151' title='bbox 193 1893 221 1946; x_wconf 90' lang='lat' dir='ltr'>in</span> <span class='ocrx_word' id='word_1_152' title='bbox 240 1895 399 1962; x_wconf 88' lang='lat' dir='ltr'>praecipitis</span> <span class='ocrx_word' id='word_1_153' title='bbox 418 1895 504 1947; x_wconf 86' lang='lat' dir='ltr'>fossas</span> <span class='ocrx_word' id='word_1_154' title='bbox 523 1899 658 1962; x_wconf 85' lang='lat' dir='ltr'>urguente</span> <span class='ocrx_word' id='word_1_155' title='bbox 677 1894 755 1947; x_wconf 89' lang='lat' dir='ltr'>ruina</span> 
     </span>
     <span class='ocr_line' id='line_1_25' title="bbox 108 1968 830 2039; baseline 0.006 -19"><span class='ocrx_word' id='word_1_156' title='bbox 108 1968 239 2036; x_wconf 87' lang='lat' dir='ltr'>Volvitur,</span> <span class='ocrx_word' id='word_1_157' title='bbox 259 1971 376 2023; x_wconf 85' lang='lat' dir='ltr'>inmissis</span> <span class='ocrx_word' id='word_1_158' title='bbox 394 1988 458 2039; x_wconf 87' lang='lat' dir='ltr'>pars</span> <span class='ocrx_word' id='word_1_159' title='bbox 477 1988 556 2024; x_wconf 88' lang='lat' dir='ltr'>caeca</span> <span class='ocrx_word' id='word_1_160' title='bbox 576 1974 604 2024; x_wconf 90' lang='lat' dir='ltr'>et</span> <span class='ocrx_word' id='word_1_161' title='bbox 623 1971 728 2024; x_wconf 90' lang='lat' dir='ltr'>concita</span> <span class='ocrx_word' id='word_1_162' title='bbox 746 1971 830 2024; x_wconf 86' lang='lat' dir='ltr'>frenis</span> 
     </span>
     <span class='ocr_line' id='line_1_26' title="bbox 106 2045 964 2115; baseline 0.003 -18"><span class='ocrx_word' id='word_1_163' title='bbox 106 2045 218 2099; x_wconf 49' lang='lat' dir='ltr'>¹Arietat</span> <span class='ocrx_word' id='word_1_164' title='bbox 237 2047 265 2098; x_wconf 93' lang='lat' dir='ltr'>in</span> <span class='ocrx_word' id='word_1_165' title='bbox 284 2051 376 2114; x_wconf 88' lang='lat' dir='ltr'>portas</span> <span class='ocrx_word' id='word_1_166' title='bbox 396 2051 424 2100; x_wconf 91' lang='lat' dir='ltr'>et</span> <span class='ocrx_word' id='word_1_167' title='bbox 444 2047 526 2100; x_wconf 88' lang='lat' dir='ltr'>duros</span> <span class='ocrx_word' id='word_1_168' title='bbox 547 2047 633 2100; x_wconf 89' lang='lat' dir='ltr'>obiice</span> <span class='ocrx_word' id='word_1_169' title='bbox 652 2047 744 2115; x_wconf 89' lang='lat' dir='ltr'>postis.</span> <span class='ocrx_word' id='word_1_170' title='bbox 926 2061 964 2100; x_wconf 72' lang='lat' dir='ltr'>oeo</span> 
     </span>
     <span class='ocr_line' id='line_1_27' title="bbox 108 2121 800 2188; baseline 0.001 -14"><span class='ocrx_word' id='word_1_171' title='bbox 108 2121 186 2188; x_wconf 89' lang='lat' dir='ltr'>ipsae</span> <span class='ocrx_word' id='word_1_172' title='bbox 206 2123 241 2175; x_wconf 93' lang='lat' dir='ltr'>de</span> <span class='ocrx_word' id='word_1_173' title='bbox 260 2123 344 2175; x_wconf 88' lang='lat' dir='ltr'>muris</span> <span class='ocrx_word' id='word_1_174' title='bbox 365 2140 469 2176; x_wconf 90' lang='lat' dir='ltr'>summo</span> <span class='ocrx_word' id='word_1_175' title='bbox 489 2123 639 2177; x_wconf 90' lang='lat' dir='ltr'>certamine</span> <span class='ocrx_word' id='word_1_176' title='bbox 656 2127 800 2188; x_wconf 88' lang='lat' dir='ltr'>matres,—</span> 
     </span>
     <span class='ocr_line' id='line_1_28' title="bbox 106 2196 911 2268; baseline 0.005 -20"><span class='ocrx_word' id='word_1_177' title='bbox 106 2196 242 2250; x_wconf 88' lang='lat' dir='ltr'>Monstrat</span> <span class='ocrx_word' id='word_1_178' title='bbox 261 2216 336 2252; x_wconf 86' lang='lat' dir='ltr'>amor</span> <span class='ocrx_word' id='word_1_179' title='bbox 355 2217 435 2252; x_wconf 87' lang='lat' dir='ltr'>verus</span> <span class='ocrx_word' id='word_1_180' title='bbox 454 2200 628 2268; x_wconf 87' lang='lat' dir='ltr'>patriae—ut</span> <span class='ocrx_word' id='word_1_181' title='bbox 647 2199 740 2252; x_wconf 88' lang='lat' dir='ltr'>videre</span> <span class='ocrx_word' id='word_1_182' title='bbox 762 2199 911 2266; x_wconf 82' lang='lat' dir='ltr'>Camillam,</span> 
     </span>
     <span class='ocr_line' id='line_1_29' title="bbox 106 2271 795 2344; baseline 0.003 -20"><span class='ocrx_word' id='word_1_183' title='bbox 106 2271 169 2326; x_wconf 84' lang='lat' dir='ltr'>Tela</span> <span class='ocrx_word' id='word_1_184' title='bbox 187 2291 269 2326; x_wconf 88' lang='lat' dir='ltr'>manu</span> <span class='ocrx_word' id='word_1_185' title='bbox 287 2276 413 2344; x_wconf 79' lang='lat' dir='ltr'>trepidae</span> <span class='ocrx_word' id='word_1_186' title='bbox 432 2276 541 2343; x_wconf 86' lang='lat' dir='ltr'>iaciunt,</span> <span class='ocrx_word' id='word_1_187' title='bbox 562 2293 592 2328; x_wconf 74' lang='lat' dir='ltr'>aa</span> <span class='ocrx_word' id='word_1_188' title='bbox 611 2275 708 2328; x_wconf 86' lang='lat' dir='ltr'>robore</span> <span class='ocrx_word' id='word_1_189' title='bbox 728 2275 795 2327; x_wconf 90' lang='lat' dir='ltr'>duro</span> 
     </span>
     <span class='ocr_line' id='line_1_30' title="bbox 106 2349 847 2420; baseline 0.004 -19"><span class='ocrx_word' id='word_1_190' title='bbox 106 2349 252 2417; x_wconf 88' lang='lat' dir='ltr'>Stipitibus</span> <span class='ocrx_word' id='word_1_191' title='bbox 271 2352 374 2404; x_wconf 80' lang='lat' dir='ltr'>sermm</span> <span class='ocrx_word' id='word_1_192' title='bbox 395 2351 564 2420; x_wconf 86' lang='lat' dir='ltr'>sudibusque</span> <span class='ocrx_word' id='word_1_193' title='bbox 582 2353 725 2404; x_wconf 88' lang='lat' dir='ltr'>imitantur</span> <span class='ocrx_word' id='word_1_194' title='bbox 743 2350 847 2404; x_wconf 88' lang='lat' dir='ltr'>obustis</span> 
     </span>
     <span class='ocr_line' id='line_1_31' title="bbox 105 2425 963 2496; baseline 0.007 -19"><span class='ocrx_word' id='word_1_195' title='bbox 105 2425 282 2494; x_wconf 84' lang='lat' dir='ltr'>Praecipites,</span> <span class='ocrx_word' id='word_1_196' title='bbox 296 2425 456 2496; x_wconf 76' lang='lat' dir='ltr'>primaeque</span> <span class='ocrx_word' id='word_1_197' title='bbox 469 2428 537 2480; x_wconf 93' lang='lat' dir='ltr'>mori</span> <span class='ocrx_word' id='word_1_198' title='bbox 550 2445 600 2495; x_wconf 89' lang='lat' dir='ltr'>pro</span> <span class='ocrx_word' id='word_1_199' title='bbox 612 2427 754 2480; x_wconf 90' lang='lat' dir='ltr'>moenibus</span> <span class='ocrx_word' id='word_1_200' title='bbox 768 2426 873 2483; x_wconf 88' lang='lat' dir='ltr'>ardent.</span> <span class='ocrx_word' id='word_1_201' title='bbox 927 2443 963 2483; x_wconf 77' lang='lat' dir='ltr'>sae</span> 
     </span>
     <span class='ocr_line' id='line_1_32' title="bbox 142 2502 832 2570; baseline 0.001 -16"><span class='ocrx_word' id='word_1_202' title='bbox 142 2502 251 2556; x_wconf 89' lang='lat' dir='ltr'>interca</span> <span class='ocrx_word' id='word_1_203' title='bbox 271 2503 391 2556; x_wconf 80' lang='lat' dir='ltr'>Turnum</span> <span class='ocrx_word' id='word_1_204' title='bbox 410 2504 437 2555; x_wconf 94' lang='lat' dir='ltr'>in</span> <span class='ocrx_word' id='word_1_205' title='bbox 457 2503 532 2556; x_wconf 89' lang='lat' dir='ltr'>silvis</span> <span class='ocrx_word' id='word_1_206' title='bbox 552 2503 727 2556; x_wconf 86' lang='lat' dir='ltr'>saevissimus</span> <span class='ocrx_word' id='word_1_207' title='bbox 745 2503 832 2570; x_wconf 86' lang='lat' dir='ltr'>inplet</span> 
     </span>
     <span class='ocr_line' id='line_1_33' title="bbox 106 2577 899 2648; baseline 0.003 -17"><span class='ocrx_word' id='word_1_208' title='bbox 106 2577 231 2645; x_wconf 59' lang='lat' dir='ltr'>Nuntius</span> <span class='ocrx_word' id='word_1_209' title='bbox 251 2584 279 2632; x_wconf 92' lang='lat' dir='ltr'>et</span> <span class='ocrx_word' id='word_1_210' title='bbox 298 2580 388 2633; x_wconf 88' lang='lat' dir='ltr'>iuveni</span> <span class='ocrx_word' id='word_1_211' title='bbox 407 2579 547 2648; x_wconf 88' lang='lat' dir='ltr'>ingentem</span> <span class='ocrx_word' id='word_1_212' title='bbox 566 2579 621 2632; x_wconf 88' lang='lat' dir='ltr'>fert</span> <span class='ocrx_word' id='word_1_213' title='bbox 641 2580 715 2632; x_wconf 85' lang='lat' dir='ltr'>Acca</span> <span class='ocrx_word' id='word_1_214' title='bbox 733 2579 899 2633; x_wconf 86' lang='lat' dir='ltr'>tumultum:</span> 
     </span>
     <span class='ocr_line' id='line_1_34' title="bbox 107 2653 816 2723; baseline 0 -18"><span class='ocrx_word' id='word_1_215' title='bbox 107 2653 217 2708; x_wconf 84' lang='lat' dir='ltr'>Deletae</span> <span class='ocrx_word' id='word_1_216' title='bbox 241 2655 398 2708; x_wconf 82' lang='lat' dir='ltr'>Volscorum</span> <span class='ocrx_word' id='word_1_217' title='bbox 417 2656 496 2723; x_wconf 89' lang='lat' dir='ltr'>acies,</span> <span class='ocrx_word' id='word_1_218' title='bbox 515 2655 647 2708; x_wconf 84' lang='lat' dir='ltr'>cecidisse</span> <span class='ocrx_word' id='word_1_219' title='bbox 667 2654 816 2720; x_wconf 82' lang='lat' dir='ltr'>Camillam,</span> 
     </span>
     <span class='ocr_line' id='line_1_35' title="bbox 108 2729 785 2799; baseline 0.001 -17"><span class='ocrx_word' id='word_1_220' title='bbox 108 2730 239 2798; x_wconf 86' lang='lat' dir='ltr'>ingruere</span> <span class='ocrx_word' id='word_1_221' title='bbox 259 2731 378 2784; x_wconf 88' lang='lat' dir='ltr'>infensos</span> <span class='ocrx_word' id='word_1_222' title='bbox 397 2732 490 2799; x_wconf 88' lang='lat' dir='ltr'>hostis,</span> <span class='ocrx_word' id='word_1_223' title='bbox 510 2735 539 2784; x_wconf 89' lang='lat' dir='ltr'>et</span> <span class='ocrx_word' id='word_1_224' title='bbox 558 2731 649 2784; x_wconf 89' lang='lat' dir='ltr'>Marte</span> <span class='ocrx_word' id='word_1_225' title='bbox 669 2729 785 2784; x_wconf 91' lang='lat' dir='ltr'>secundo</span> 
     </span>
     <span class='ocr_line' id='line_1_36' title="bbox 107 2806 963 2876; baseline 0 -18"><span class='ocrx_word' id='word_1_226' title='bbox 107 2806 204 2859; x_wconf 86' lang='lat' dir='ltr'>Omnia</span> <span class='ocrx_word' id='word_1_227' title='bbox 221 2808 391 2876; x_wconf 83' lang='lat' dir='ltr'>corripuisse,</span> <span class='ocrx_word' id='word_1_228' title='bbox 411 2811 515 2861; x_wconf 90' lang='lat' dir='ltr'>metum</span> <span class='ocrx_word' id='word_1_229' title='bbox 534 2807 588 2860; x_wconf 89' lang='lat' dir='ltr'>iam</span> <span class='ocrx_word' id='word_1_230' title='bbox 606 2807 642 2860; x_wconf 89' lang='lat' dir='ltr'>ad</span> <span class='ocrx_word' id='word_1_231' title='bbox 660 2807 767 2861; x_wconf 91' lang='lat' dir='ltr'>moenia</span> <span class='ocrx_word' id='word_1_232' title='bbox 784 2807 859 2861; x_wconf 88' lang='lat' dir='ltr'>ferri.</span> <span class='ocrx_word' id='word_1_233' title='bbox 925 2820 963 2859; x_wconf 85' lang='lat' dir='ltr'>eoo</span> 
     </span>
     <span class='ocr_line' id='line_1_37' title="bbox 108 2882 868 2952; baseline 0.001 -17"><span class='ocrx_word' id='word_1_234' title='bbox 108 2882 157 2935; x_wconf 90' lang='lat' dir='ltr'>lile</span> <span class='ocrx_word' id='word_1_235' title='bbox 175 2883 331 2936; x_wconf 72' lang='lat' dir='ltr'>furens-et</span> <span class='ocrx_word' id='word_1_236' title='bbox 350 2901 430 2937; x_wconf 86' lang='lat' dir='ltr'>saeva</span> <span class='ocrx_word' id='word_1_237' title='bbox 450 2883 523 2937; x_wconf 87' lang='lat' dir='ltr'>Iovis</span> <span class='ocrx_word' id='word_1_238' title='bbox 542 2885 580 2937; x_wconf 88' lang='lat' dir='ltr'>sic</span> <span class='ocrx_word' id='word_1_239' title='bbox 597 2884 707 2936; x_wconf 88' lang='lat' dir='ltr'>numina</span> <span class='ocrx_word' id='word_1_240' title='bbox 725 2887 868 2952; x_wconf 78' lang='lat' dir='ltr'>poscunt-</span> 
     </span>
     <span class='ocr_line' id='line_1_38' title="bbox 107 2957 827 3029; baseline 0.003 -19"><span class='ocrx_word' id='word_1_241' title='bbox 107 2957 216 3014; x_wconf 88' lang='lat' dir='ltr'>Deserit</span> <span class='ocrx_word' id='word_1_242' title='bbox 234 2959 359 3013; x_wconf 86' lang='lat' dir='ltr'>obsessos</span> <span class='ocrx_word' id='word_1_243' title='bbox 377 2960 460 3025; x_wconf 81' lang='lat' dir='ltr'>cellia,</span> <span class='ocrx_word' id='word_1_244' title='bbox 478 2977 590 3014; x_wconf 89' lang='lat' dir='ltr'>nemora</span> <span class='ocrx_word' id='word_1_245' title='bbox 608 2977 705 3029; x_wconf 89' lang='lat' dir='ltr'>aspera</span> <span class='ocrx_word' id='word_1_246' title='bbox 722 2959 827 3027; x_wconf 88' lang='lat' dir='ltr'>linquit.</span> 
     </span>
     <span class='ocr_line' id='line_1_39' title="bbox 107 3033 822 3106; baseline 0.003 -20"><span class='ocrx_word' id='word_1_247' title='bbox 107 3033 161 3088; x_wconf 85' lang='lat' dir='ltr'>Vix</span> <span class='ocrx_word' id='word_1_248' title='bbox 179 3053 195 3092; x_wconf 89' lang='lat' dir='ltr'>e</span> <span class='ocrx_word' id='word_1_249' title='bbox 212 3039 360 3104; x_wconf 88' lang='lat' dir='ltr'>conspectu</span> <span class='ocrx_word' id='word_1_250' title='bbox 378 3037 484 3090; x_wconf 84' lang='lat' dir='ltr'>exierat</span> <span class='ocrx_word' id='word_1_251' title='bbox 503 3053 683 3106; x_wconf 84' lang='lat' dir='ltr'>campumque</span> <span class='ocrx_word' id='word_1_252' title='bbox 701 3036 822 3101; x_wconf 86' lang='lat' dir='ltr'>tenebat,</span> 
     </span>
     <span class='ocr_line' id='line_1_40' title="bbox 107 3110 810 3181; baseline 0 -17"><span class='ocrx_word' id='word_1_253' title='bbox 107 3110 176 3166; x_wconf 85' lang='lat' dir='ltr'>Cum</span> <span class='ocrx_word' id='word_1_254' title='bbox 195 3116 275 3181; x_wconf 89' lang='lat' dir='ltr'>pater</span> <span class='ocrx_word' id='word_1_255' title='bbox 295 3114 411 3179; x_wconf 80' lang='lat' dir='ltr'>Aeneas,</span> <span class='ocrx_word' id='word_1_256' title='bbox 431 3111 517 3166; x_wconf 88' lang='lat' dir='ltr'>saltus</span> <span class='ocrx_word' id='word_1_257' title='bbox 535 3113 674 3181; x_wconf 85' lang='lat' dir='ltr'>ingressus</span> <span class='ocrx_word' id='word_1_258' title='bbox 692 3115 810 3181; x_wconf 88' lang='lat' dir='ltr'>apertos,</span> 
     </span>
    </p>
   </div>
   <div class='ocr_carea' id='block_1_3' title="bbox 107 3186 960 3260">
    <p class='ocr_par' dir='ltr' id='par_1_3' title="bbox 107 3186 960 3260">
     <span class='ocr_line' id='line_1_41' title="bbox 107 3186 960 3260; baseline 0 -20"><span class='ocrx_word' id='word_1_259' title='bbox 107 3186 316 3258; x_wconf 80' lang='lat' dir='ltr'>Exsuperatque</span> <span class='ocrx_word' id='word_1_260' title='bbox 334 3189 427 3258; x_wconf 87' lang='lat' dir='ltr'>iugum</span> <span class='ocrx_word' id='word_1_261' title='bbox 447 3189 568 3260; x_wconf 88' lang='lat' dir='ltr'>silvaque</span> <span class='ocrx_word' id='word_1_262' title='bbox 586 3188 681 3242; x_wconf 87' lang='lat' dir='ltr'>evadit</span> <span class='ocrx_word' id='word_1_263' title='bbox 699 3204 790 3256; x_wconf 86' lang='lat' dir='ltr'>opaca.</span> <span class='ocrx_word' id='word_1_264' title='bbox 923 3201 960 3240; x_wconf 81' lang='lat' dir='ltr'>eos</span> 
     </span>
    </p>
   </div>
   <div class='ocr_carea' id='block_1_4' title="bbox 0 0 1138 3570">
    <p class='ocr_par' dir='ltr' id='par_1_4' title="bbox 0 0 1138 3570">
     <span class='ocr_line' id='line_1_42' title="bbox 0 0 1138 3570; baseline 0 0"><span class='ocrx_word' id='word_1_265' title='bbox 0 0 1138 3570; x_wconf 95' lang='lat' dir='ltr'> </span> 
     </span>
    </p>
   </div>
  </div>
 </body>
</html>
