2290 3568
416 156 600 204 AENEIDOS
617 156 686 205 LIB.
705 157 754 204 IX.
967 159 1013 211 24?

164 233 304 304 [Vertitur
321 253 398 290 arma
415 240 520 304 tenens,
539 241 568 290 et
585 241 645 292 toto
662 239 764 292 vertice
783 255 866 306 supra
884 239 948 308 est].

165 312 222 366 Oen
241 318 346 380 septem
366 329 480 380 surgens
498 314 602 367 sedatis
620 315 744 368 anmibns
762 315 834 368 altus
991 332 1016 371 ao

165 389 219 442 Per
237 390 351 442 tacitum
370 389 486 458 Ganges,
504 394 552 443 aut
570 391 664 459 pingui
683 391 793 444 flumine
814 391 892 444 Nilus

165 465 234 519 Cum
252 465 344 520 refluit
362 467 464 534 campis
482 471 510 520 et
528 467 582 520 iam
600 485 629 520 se
648 467 770 521 condidit
788 468 872 521 alveo.

165 540 220 594 Hic
238 541 358 596 subitam
376 543 453 610 nigro
471 543 617 610 glomerari
635 544 747 612 pulvere
765 543 866 598 nubem

165 616 338 687 Prospieiunt
356 619 461 687 Teucri,
479 637 511 673 ae
528 621 657 674 tenebras
675 621 817 689 insurgere
835 623 944 689 campis

165 694 273 748 Primus
291 696 326 749 ab
344 695 459 750 advorsa
477 697 627 750 conclamat
645 698 716 750 mole
734 698 844 752 Caicus:
991 715 1015 752 aa

165 771 231 835 Quis
250 773 354 840 globus,
374 790 389 825 o
408 774 488 840 cives,
506 773 621 840 caligine
640 773 759 826 volvitur
776 778 850 828 atra!

165 847 247 902 Ferte
266 849 314 903 citi
332 851 444 916 ferrum,
463 850 528 903 date
546 850 608 914 tela
626 849 766 904 ascendite
784 867 886 904 muros.

166 923 263 979 Hostis
280 926 367 992 adest,
386 927 462 979 heia!
484 925 594 994 Ingenti
612 926 730 980 clamore
748 942 798 993 per
816 927 903 980 omnis

164 1002 294 1057 Gondunt
313 1020 342 1057 se
361 1003 457 1056 Teucri
475 1007 577 1072 portas,
596 1005 625 1055 et
643 1004 750 1055 moena
768 1002 902 1071 conplent.

164 1078 291 1147 Namque
309 1080 349 1133 ita
367 1077 511 1132 discedens
528 1081 708 1147 praeceperat
726 1081 854 1146 optumus
871 1081 955 1134 armis
989 1096 1014 1134 so

165 1157 286 1209 Aeneas:
306 1156 328 1208 si
347 1173 402 1224 qua
420 1156 527 1209 interea
544 1155 654 1208 fortuna
672 1154 777 1221 fuisset,

165 1232 227 1286 'iason
245 1237 353 1286 struere
371 1233 506 1286 auderent
524 1231 617 1297 aciem,
637 1248 691 1284 neu
709 1231 822 1285 eredere
839 1249 949 1302 carnpo;

163 1309 260 1364 Castra
277 1309 359 1364 modo
377 1313 406 1364 et
423 1313 500 1363 tutos
518 1312 661 1362 servarent
679 1324 780 1374 aggere
799 1325 898 1363 muros.

165 1387 245 1456 Ergo,
264 1387 317 1440 etsi
335 1387 459 1440 conferre
476 1403 587 1438 inanum
605 1385 694 1453 pudor
712 1385 807 1452 iraque
824 1391 966 1454 monstrat,

163 1463 304 1517 Obiiciunt
321 1467 415 1532 portas
433 1467 526 1516 tamen
545 1466 574 1515 et
591 1465 738 1530 praecepte
754 1462 900 1529 facessunt,
990 1478 1015 1516 45

166 1542 328 1607 Armatique
347 1540 419 1592 cavis
438 1542 598 1606 exspectant
616 1537 738 1592 turribus
756 1538 871 1592 hostem.

163 1616 275 1683 Turnus,
294 1620 326 1669 ut
344 1619 408 1668 ante
426 1616 519 1668 volans
536 1613 645 1667 tardum
664 1618 850 1680 praecesserat
866 1631 973 1682 agmen,

165 1693 271 1759 Viginti
290 1692 369 1745 lectis
387 1692 511 1759 equitum
530 1690 676 1758 comitatus
694 1691 723 1742 et
740 1689 803 1741 urbi

164 1770 323 1840 Inprorisns
341 1768 435 1833 adest;
453 1767 566 1820 maculis
584 1782 665 1833 quem
677 1764 815 1818 'Thracius
832 1764 900 1818 albis

163 1845 261 1898 Portet
280 1861 374 1912 equus,
393 1844 532 1910 cristaque
550 1842 621 1908 tegit
638 1841 718 1908 galea
735 1857 818 1894 aurea
835 1841 924 1894 rubra
990 1859 1014 1896 to
1061 1863 1069 1868 ·

163 1921 264 1990 Ecquis
280 1922 341 1982 erit,
357 1919 605 1986 meenn1‚iuvenes‚
622 1917 669 1986 qui
687 1917 791 1986 primus
806 1916 834 1968 in
846 1916 988 1970 lrostem—-
1004 1920 1013 1972 i

163 1999 212 2063 En,
231 1998 277 2052 ait.
315 1998 351 2051 Et
368 1997 486 2050 iaculum
504 1999 666 2062 attorquens
684 1993 788 2046 emittit
805 1992 833 2045 in
850 2009 937 2059 arares,

163 2074 329 2143 Principium
348 2090 463 2142 pugnae,
483 2076 511 2124 et
529 2087 624 2138 campo
642 2087 703 2123 sese
721 2069 824 2122 arduus
841 2069 931 2122 infert.

163 2152 289 2204 Clamore
308 2150 448 2217 excipiunt
466 2148 537 2212 socii,
554 2146 722 2211 fremituque
740 2148 893 2211 sequuntur

166 2228 334 2286 Horrisono;
354 2225 487 2276 Teucrum
506 2223 641 2274 mirantur
658 2220 759 2272 inertia
776 2218 871 2273 corda:
991 2239 1014 2276 55

164 2305 188 2356 N
191 2321 225 2356 on
245 2318 332 2369 aequo
351 2301 417 2352 dare
435 2315 464 2351 se
482 2313 584 2364 calamo,
602 2313 654 2348 non
674 2295 754 2347 obvia
772 2295 844 2348 serre

165 2382 251 2433 Arma
263 2379 343 2444 viros,
357 2376 406 2429 sed
418 2378 507 2428 castra
519 2374 616 2426 fouere.
646 2372 708 2424 Huc
721 2370 848 2424 turbidus
862 2375 947 2440 atque
960 2372 1013 2427 hnc

163 2458 277 2510 Lustrat
295 2471 366 2522 equo
384 2467 483 2519 muros,
502 2449 663 2516 aditumque
682 2465 732 2517 per
749 2447 808 2500 avia
827 2448 945 2514 quaerit.

166 2535 206 2586 Ae
224 2531 310 2584 veluti
327 2530 407 2598 pleno
426 2529 506 2597 lupus
524 2525 669 2578 insidiatus
687 2524 750 2577 ovili

163 2610 232 2663 (ium
250 2607 344 2660 fremit
363 2605 514 2671 adcantus,
533 2605 629 2655 ventos
647 2617 794 2670 perpessus
810 2603 842 2654 'et
861 2600 964 2668 imbris,
990 2616 1016 2653 eo

162 2687 187 2739 N
190 2690 250 2739 ecte
269 2699 351 2751 super
369 2681 473 2745 media3
491 2679 546 2733 tuti
564 2679 615 2732 sub
633 2677 768 2731 matribus
786 2680 849 2745 agni

163 2762 290 2815 Baletum
309 2761 452 2822 exercent;
470 2757 515 2809 iile
534 2772 614 2823 asper
633 2759 661 2808 et
679 2753 809 2822 inprobare
828 2755 868 2806 ira

162 2838 255 2892 Saevit
273 2837 300 2889 in
319 2834 455 2898 absentis;
474 2833 587 2885 collecta
604 2832 703 2898 fatigat
721 2831 821 2884 edendi

165 2916 207 2968 Ex
225 2914 306 2981 longo
325 2910 422 2976 rabies,
441 2914 469 2962 et
487 2910 574 2962 siccae
592 2909 722 2975 sanguine
740 2908 845 2960 fauces:

167 2991 252 3045 Hand
270 2990 350 3042 aliter
370 2987 472 3040 Rutulo
490 3001 583 3038 muros
600 2989 630 3038 et
647 2989 737 3038 castra
755 2982 845 3037 tuenti
992 2996 1016 3036 oa

163 3069 313 3137 Igneseunt
331 3064 403 3128 irae3
423 3062 499 3116 duris
518 3061 595 3114 dolor
612 3061 720 3114 ossibus
738 3061 826 3126 ardet,

163 3146 223 3210 Qua
241 3145 359 3210 temptet
377 3140 483 3193 ratione
501 3137 600 3203 aditus,
620 3142 649 3190 et
667 3154 737 3206 quae
756 3137 799 3188 via
817 3135 923 3189 clausos
960 3166 962 3172 f

163 3220 293 3276 Excutiat
312 3218 430 3272 Teucros
449 3214 520 3293 vallo
538 3216 622 3280 atque
641 3213 764 3268 effundat
782 3213 810 3265 in
829 3226 955 3282 acquum.
