2278 3568
437 129 618 179 AENEIDOS
635 131 704 180 LIB.
726 133 762 178 11.
979 137 1023 186 107

178 208 202 260 N
205 224 240 261 eu
258 209 386 277 populum
406 209 519 277 antiqua
537 210 588 263 sub
606 211 737 278 religione
755 212 832 266 tueri.

178 285 247 337 Nam
267 285 290 337 si
308 289 400 337 vestra
417 301 513 338 manus
531 286 659 340 violasset
678 287 750 340 (lona
768 288 914 357 Minervae,

177 362 244 414 Tum
254 377 383 428 magnum
393 361 618 431 exitium—quod
628 363 656 414 di
666 364 741 431 prius
750 381 830 417 omen
839 365 867 418 in
876 367 964 434 ipsum
992 383 1026 420 rso

177 438 495 494 Convertuntl-Priami
513 439 618 506 inperio
637 439 846 509 Phrygibusque
863 442 1001 506 futurarm

177 517 223 571 Sin
241 515 365 568 manibus
383 515 481 567 vestris
500 520 620 570 vestram
640 517 807 571 ascendisset
825 519 851 571 in
870 518 973 587 urbem,

176 594 257 648 Ultro
277 592 371 645 Asiam
390 609 487 658 magno
507 592 625 661 Pelopea
643 594 679 646 ad
697 595 803 648 nroenia
820 595 891 648 bello

176 669 335 735 Venturam,
355 673 384 722 et
401 673 510 722 nostros
528 665 560 722 ea
578 671 636 723 fata
654 688 764 725 manere
782 677 902 740 nepotes,

232 745 319 813 alibus
338 744 444 798 insidiis
462 746 618 815 periurique
637 752 696 800 arte
716 749 823 802 Sinonis
937 723 1087 895 Ἔχ)

175 824 288 879 Credita
306 841 357 890 res,
376 823 504 891 captique
523 823 591 875 dolis
610 825 782 893 lacrimisque
799 827 905 896 coactis,

176 902 248 966 Quos
266 918 355 968 neque
374 899 500 967 Tydides,
520 917 569 952 noc
591 901 745 953 Larissaeus
764 901 893 968 Achillea,

174 977 200 1030 N
202 995 235 1030 on
254 978 316 1030 anni
336 977 466 1030 domuere
485 975 587 1040 decem,
605 993 658 1028 uon
678 977 751 1030 mille
769 977 881 1030 carinae.

209 1053 262 1108 Hic
281 1053 356 1106 aliud
375 1053 461 1104 maius
480 1053 585 1104 miseris
604 1053 744 1121 multoque
762 1054 934 1108 tremendum

174 1131 308 1184 Obiicitur
327 1130 419 1196 magis,
439 1135 522 1196 atque
540 1129 681 1198 inprovida
700 1134 810 1198 pectora
828 1130 929 1184 turbat.
990 1147 1026 1186 eoo

174 1209 303 1275 Laocoon,
323 1207 570 1275 dactuchptuno
589 1211 662 1260 sorte
681 1208 812 1270 sacerdos,

174 1285 315 1338 Sollemnis
334 1288 443 1337 taurum
462 1285 600 1352 ingentem
619 1286 757 1338 mactabat
775 1286 811 1338 ad
829 1303 895 1338 aras.

173 1362 242 1416 Ecce
260 1365 352 1415 autem
370 1362 470 1428 gemini
489 1379 505 1414 a
524 1361 635 1415 Tenedo
654 1363 801 1432 tranquilla
819 1381 869 1432 per
887 1363 977 1416 alta—

173 1439 310 1492 Horresco
329 1438 614 1491 referens—inmensis
634 1439 744 1492 orbibus
763 1457 865 1506 angues

174 1515 339 1569 incumbunt
358 1515 461 1582 pelago,
479 1516 638 1583 pariterque
657 1516 692 1568 ad
710 1516 791 1568 litora
809 1517 941 1582 iendunt;
988 1533 1024 1572 aot

173 1591 288 1646 Pectora
306 1608 418 1659 quorum
439 1592 511 1642 inter
530 1591 628 1644 fluctus
647 1595 754 1644 arrecta
772 1592 907 1660 iubaeque

173 1670 340 1736 Sanguineas
359 1675 489 1734 superant
507 1668 608 1727 undas;
627 1685 690 1736 pars
708 1673 800 1720 cetera
817 1675 929 1736 pontum

173 1746 246 1799 Pone
263 1745 331 1811 legit
350 1745 494 1811 sinuatque
512 1743 634 1796 inrncusa
652 1744 786 1796 volumine
805 1749 888 1812 terga.

173 1823 219 1876 Fit
237 1823 341 1875 sonitus
360 1825 504 1889 spumante
523 1819 592 1881 salo;
612 1820 720 1888 iamque
739 1837 803 1872 arva
821 1821 958 1887 tenebant,

173 1901 359 1967 Ardentisque
377 1898 466 1951 oculos
486 1897 590 1950 suffecti
610 1897 739 1964 sanguine
757 1900 786 1950 et
802 1897 865 1964 igni,
987 1913 1023 1951 alo

172 1977 254 2030 Sibila
272 1975 429 2028 lambebant
448 1973 547 2040 linguis
565 1973 735 2026 vibrantibus
754 1991 806 2026 ora.

173 2053 335 2120 Diffugimus
354 2053 412 2104 visu
430 2066 588 2115 exsangues.
627 2049 671 2100 llli
690 2050 796 2116 agmine
815 2055 891 2104 certo

172 2131 327 2183 Laocoonta
345 2130 457 2196 petunt;
477 2131 505 2178 ct
523 2125 640 2192 primum
660 2141 743 2192 parva
762 2126 876 2178 duorum

173 2207 292 2274 Corpora
310 2209 436 2255 natorum
455 2217 568 2268 serpens
586 2200 726 2266 amplexus
745 2204 862 2268 uterque

173 2282 290 2350 inplicat
309 2283 336 2331 et
354 2279 467 2330 miseros
485 2292 577 2328 morsu
595 2275 752 2343 depascitur
770 2280 860 2341 artus,
989 2293 1024 2333 21⁶

173 2359 239 2412 Post
257 2358 353 2425 ipsum,
372 2354 472 2407 auxilio
491 2353 654 2406 subeuntem
673 2369 704 2404 ac
722 2352 778 2405 tela
795 2353 936 2422 ferentem,

115 2469 119 2475 -
173 2434 338 2502 Corripiunt,
359 2431 494 2500 spirisque
512 2431 599 2496 ligant
618 2428 788 2497 ingentibus;
808 2434 836 2484 et
853 2431 907 2484 iam

173 2513 220 2566 Bis
238 2511 359 2563 medium
379 2508 504 2576 amplexi,
525 2506 566 2560 bis
584 2506 652 2560 collo
672 2525 800 2576 squamea
818 2507 919 2562 circum

173 2589 260 2654 Terga
279 2587 343 2653 dati,
363 2592 493 2654 superant
510 2586 599 2653 capite
618 2589 646 2638 et
664 2585 813 2638 cervicibus
831 2585 899 2638 altis.

174 2665 224 2717 1110Ι
243 2665 323 2716 simul
342 2664 466 2716 manibus
484 2663 575 2716 tendit
593 2662 722 2715 divellere
740 2662 832 2730 nodos,
988 2677 1022 2716 rac

175 2741 302 2795 Perfusus
322 2743 396 2795 sanic
413 2743 497 2795 vittas
516 2745 630 2809 atroque
650 2757 758 2803 ueneno,

173 2821 311 2875 Clamores
330 2822 409 2874 simul
428 2820 578 2873 horrendos
596 2817 631 2870 ad
651 2817 741 2871 sidera
758 2817 842 2870 tollit:

173 2898 264 2962 Qualis
282 2901 409 2967 mugitus,
427 2898 498 2966 fugit
517 2915 576 2950 cum
596 2895 702 2949 sarrcius
720 2911 793 2946 aram

173 2977 277 3028 Taurus
295 2981 323 3030 et
342 2977 475 3029 incertam
495 2974 612 3028 excussit
631 2971 735 3024 ceruice
754 2971 874 3022 securim.

173 3057 212 3108 At
230 3054 332 3124 gemini
351 3055 429 3122 lapsu
448 3052 562 3105 delubra
581 3052 616 3104 ad
635 3065 740 3102 summa
759 3047 888 3099 dracones
983 3060 1016 3101 sss

174 3133 313 3200 Effugiant
332 3147 482 3200 saevaeque
501 3133 599 3198 petunt
618 3125 765 3180 Tritonidis
784 3140 881 3188 arcem,

173 3209 228 3263 Sub
246 3208 416 3276 pedibusque
435 3207 504 3260 deae
522 3205 657 3278 clipeique
675 3199 726 3254 sub
744 3198 811 3252 orbe
828 3202 964 3265 teguntur.
