2290 3568
438 153 622 202 AENEIDOS
644 153 713 204 LIB.
736 155 769 205 V.
981 158 1026 206 175

174 228 215 284 Ut
233 231 370 299 quondam
389 231 472 286 Creta
489 234 578 289 fertur
597 235 781 306 Labyrinthus
798 237 826 290 in
844 237 901 292 alta

174 307 329 362 Parietibus
347 312 456 364 textum
475 313 561 366 eaecis
578 313 640 380 iter,
659 313 860 382 ancipitemque

173 384 250 439 Mille
268 386 319 438 viis
336 387 463 442 habuisse
482 389 582 460 dolum,
601 409 656 460 qua
675 391 753 458 signa
771 391 902 460 sequendi
990 407 1026 446 sau

174 463 294 516 Falleret
312 464 491 532 indeprensus
509 471 538 520 ct
555 468 738 522 inremeabilis
757 485 848 532 error;

176 541 257 594 Haud
275 542 328 594 alio
347 542 481 596 Teucrum
499 545 558 598 nati
576 546 691 614 vestigia
709 563 789 600 cursu

173 617 329 685 inpediunt,
348 623 501 688 texuntque
518 622 599 690 fugas
617 627 645 676 et
663 624 766 692 proelia
784 622 858 689 lude,

173 693 336 762 Delphinum
356 697 463 763 similes,
483 699 529 766 qui
547 716 597 766 per
614 701 701 752 maria
718 699 830 752 humida
848 700 937 754 nando

172 771 348 839 Carpathium
362 773 548 842 Libycumque
561 779 654 828 secant
670 776 834 845 [luduntque
852 794 903 846 per
918 777 1024 847 undas}

172 849 252 902 Hunc
271 867 374 904 morem
393 867 488 902 cursus
506 855 589 920 atque
607 852 675 904 haec
692 855 841 906 certamina
858 855 961 921 primus

171 926 312 995 Ascanius,
331 928 452 994 Longam
471 929 555 981 muris
573 945 634 982 cum
652 930 774 997 cingeret
793 930 900 998 Albam,

171 1001 292 1056 Rettulit
310 1007 340 1056 et
358 1005 460 1072 priseos
479 1004 572 1058 docuit
590 1005 730 1058 celebrare
749 1005 869 1072 Latinos,

171 1079 230 1145 Quo
248 1097 317 1149 puer
334 1081 393 1150 ipse
412 1081 500 1148 modo,
520 1097 612 1135 secum
630 1099 683 1151 quo
702 1081 782 1135 Troia
798 1081 898 1151 pubes;

170 1157 271 1210 Albani
291 1157 408 1212 docuere
427 1175 506 1222 su0s;
525 1158 587 1212 hine
606 1175 734 1213 maxuma
751 1176 832 1228 porro
985 1175 1022 1215 aee

171 1235 285 1303 Accepit
305 1235 399 1302 Roma,
419 1239 447 1290 et
465 1236 582 1304 patrium
602 1237 720 1291 servavit
738 1237 882 1302 henorcm;

169 1312 302 1381 Troiaque
322 1329 392 1366 nune
409 1313 493 1380 pueri,
514 1313 659 1366 Troianum
678 1313 778 1368 dicitur
797 1331 901 1382 agmen.

169 1385 229 1441 Hac
247 1389 386 1442 celebrata
404 1392 485 1442 tenus
504 1393 597 1443 sancto
615 1392 764 1444 certamina
782 1393 859 1460 patri.

204 1466 257 1518 Hic
274 1466 392 1532 primunr
413 1466 535 1518 Fortuna
552 1466 635 1518 iidem
654 1471 761 1520 mutata
778 1468 892 1522 novavit.

168 1540 241 1594 Dum
259 1543 339 1594 variis
357 1542 463 1593 tumulo
482 1543 605 1594 referunt
623 1543 763 1596 sollemnia
781 1544 859 1612 ludis,
984 1559 1020 1600 60⁵

171 1618 236 1671 lrim
255 1617 290 1670 de
308 1617 382 1670 eaelo
401 1618 475 1669 misit
494 1617 621 1670 Saturnia
641 1618 709 1671 iuno
888 1676 893 1688 ¹

169 1695 278 1747 iliacam
296 1694 332 1746 ad
351 1693 471 1757 classem,
489 1696 639 1760 ventosque
658 1694 781 1762 adspirat
799 1697 881 1763 eunti,

168 1771 257 1825 Multa
275 1787 393 1838 movenS,
411 1769 527 1822 necdum
541 1770 687 1838 ‘antiquum
707 1774 829 1824 saturata
847 1772 977 1829 dolorem.

169 1849 227 1915 Illa,
246 1849 316 1900 viam
335 1845 457 1900 celerans
476 1863 525 1914 per
542 1846 615 1899 mille
633 1846 768 1900 coloribus
786 1864 885 1916 arcum,

168 1926 242 1978 Nulli
261 1925 317 1978 visa
335 1925 388 1978 cito
407 1924 529 1977 decurrit
547 1924 659 1977 tramite
677 1924 761 1992 virgo.
983 1943 1019 1982 oro

167 2003 303 2070 Conspicit
320 2003 460 2070 ingentem
478 2017 643 2068 concmsum,
662 2004 691 2054 et
709 2001 791 2054 litora
807 2000 914 2068 lustrat,

169 2081 352 2146 Desertosque
371 2078 447 2131 videt
465 2083 560 2146 portus
578 2077 747 2146 classemque
764 2078 894 2131 relictam.

169 2161 207 2212 At
225 2156 319 2226 procul
336 2155 365 2208 in
384 2155 440 2208 sola
458 2159 580 2208 secretae
599 2154 719 2206 Troades
738 2157 799 2206 acta

168 2235 306 2288 Amissum
327 2231 464 2285 Anchisen
482 2231 594 2297 fiebant,
612 2233 782 2296 cunctaeque
799 2229 964 2297 profundum

169 2312 284 2364 Pontum
302 2308 500 2378 adspectabant
517 2308 620 2361 flentes.
640 2305 704 2358 Heu
722 2309 765 2359 tot
782 2305 852 2358 vada
869 2306 947 2360 fessis
981 2325 1017 2363 ers

168 2388 202 2442 ut
219 2392 327 2442 tantum
346 2403 488 2456 superesse
506 2385 603 2438 maris!
624 2401 675 2436 vox
694 2381 819 2436 omnibus
836 2399 895 2436 una

167 2463 269 2518 Urbem
287 2468 381 2528 orant;
400 2461 495 2516 taedet
513 2461 602 2531 pelagi
619 2460 742 2529 perterre
760 2458 887 2512 laborem.

166 2541 237 2609 Ilrgo
253 2542 326 2594 inter
344 2540 447 2594 medias
466 2556 525 2592 sese
543 2537 618 2591 haud
635 2537 731 2604 ignara
748 2536 863 2590 nocendi

165 2617 287 2682 (loniicit,
305 2621 333 2671 et
351 2619 500 2685 faciemque
519 2616 587 2668 deae
605 2617 764 2682 vestemque
782 2613 904 2682 reponit;

166 2694 212 2748 Fit
230 2695 325 2760 Beroe,
345 2694 452 2746 Ismarii
470 2694 586 2746 coniunx
604 2693 735 2758 longaeva
754 2689 869 2759 Dorycli,
979 2706 1015 2745 aaa

164 2771 215 2824 Cui
232 2787 318 2838 genus
338 2775 367 2824 et
385 2770 520 2838 quondam
539 2785 638 2822 nomen
656 2768 768 2835 natique
785 2766 915 2833 fuissent3

164 2849 207 2900 Ac
226 2847 264 2899 sic
283 2847 471 2900 Dardanidum
489 2845 607 2898 mediam
625 2861 654 2898 se
673 2843 805 2898 matribus
823 2843 917 2897 insert:

164 2923 187 2976 O
205 2924 329 2991 miserae,
348 2939 416 2991 quas
434 2939 487 2974 non
505 2939 607 2988 manus,
625 2922 724 2990 inquit,
743 2919 863 2973 Achaica
880 2918 951 2973 bello

163 2999 290 3053 Traxerit
307 2999 344 3052 ad
360 2999 447 3051 letum
465 2999 569 3066 patriae
587 2995 637 3050 sub
656 2995 810 3050 moenibus!
831 3011 846 3048 c
864 3011 931 3061 gens

164 3077 270 3146 Infelix,
289 3077 332 3130 cui
349 3078 378 3128 te
397 3074 480 3127 exitio
499 3074 620 3127 Fortuna
637 3074 776 3128 reservati
975 3085 1011 3124 eas

163 3154 294 3224 Septuma
309 3155 374 3224 post
392 3151 488 3204 Troiae
505 3148 655 3204 exscidium
672 3149 726 3202 iam
743 3148 861 3202 vertitur
877 3149 975 3216 aestas,

162 3233 231 3286 lium
249 3231 328 3296 freta,
346 3246 408 3284 oum
426 3231 515 3282 terras
532 3227 627 3287 omnis.
644 3229 687 3280 tot
705 3225 842 3293 inhospita
860 3240 925 3278 saxa
