2278 3568
403 170 613 220 GEORGIGON
631 172 700 222 uls.
721 173 770 222 lv.
989 175 1020 224 79

164 245 307 303 Ianuarias
326 250 408 304 etiam
426 251 525 317 fauces,
544 251 600 306 alta
617 253 689 306 ostia
707 252 787 320 Ditis,

158 325 198 390 ¹Et
217 326 379 393 caligantem
398 327 476 396 nigra
495 328 640 383 formidine
658 329 750 382 lucum

163 404 313 472 Ingressus,
334 403 479 473 Manisque
498 405 566 458 adiit
586 405 744 474 Regemque
763 409 943 476 tremendum,

161 481 187 533 N
190 482 315 549 escisque
333 481 458 534 humanis
477 483 603 551 precibus
622 499 811 536 mansuescere
829 485 919 538 corda.
982 499 1019 540 ⁴70

163 560 203 611 At
220 563 301 612 cantu
320 562 471 612 commotae
492 559 576 614 Erebi
595 561 630 614 de
649 559 760 614 sedibus
777 561 839 614 imis

162 634 283 688 Umbrae
300 635 378 690 ibant
396 641 492 691 tenues
512 638 711 707 simulacraque
729 636 789 690 luce
812 641 961 705 carentum,

162 713 249 778 Quam
268 713 355 767 multa
373 716 400 767 iu
418 715 489 768 foliis
509 715 598 768 arium
618 731 647 768 se
666 715 739 768 milia
756 716 884 782 condunt,

164 789 270 858 Vesper
286 790 334 843 ubi
354 796 401 846 aut
419 791 548 845 hibernus
568 793 625 861 agit
644 792 680 845 de
699 793 837 845 montibus
854 791 949 856 imber,

161 866 266 920 Matres
284 871 367 937 atque
386 869 444 936 viri,
465 869 648 938 defunctaque
666 887 780 938 corpora
799 869 855 921 rita
983 882 1019 920 475

161 942 365 1010 Magnanimum
384 946 505 1014 heroum,
525 947 603 1014 pueri
621 947 808 1014 innuptaeque
826 944 939 1012 puellae,

162 1019 332 1089 Inpositique
352 1024 424 1090 rogis
444 1024 554 1076 iuvenes
573 1027 637 1076 ante
655 1039 703 1075 ora
720 1026 880 1091 parentum;

162 1095 235 1160 Quos
252 1098 353 1151 circum
371 1100 451 1152 limus
470 1101 548 1168 niger
567 1105 596 1154 et
614 1099 743 1153 deformis
762 1097 867 1150 arunde

161 1171 255 1240 Cocyti
273 1175 408 1245 tardaque
427 1176 506 1246 palus
524 1176 677 1230 inamabilis
695 1175 769 1228 unda

162 1248 273 1318 Alligat,
293 1254 322 1304 et
340 1254 453 1306 noviens
472 1254 539 1321 Styx
559 1253 692 1307 interfusa
710 1255 827 1306 coerect.
981 1263 1020 1302 sse

160 1325 231 1390 Quin
249 1329 324 1396 ipsae
343 1327 473 1398 stupuere
492 1330 589 1383 domus
608 1333 692 1398 atque
711 1329 807 1382 intima
826 1327 889 1381 Leti

160 1400 277 1456 Tartara
294 1407 489 1476 caeruleosque
506 1407 632 1475 inplexae
650 1405 772 1458 crinibus
790 1404 888 1472 anguis

130 1487 137 1504 '¹
160 1477 333 1549 Eumenides,
353 1485 497 1552 tenuitque
515 1484 621 1538 inhians
639 1483 693 1536 tria
713 1481 849 1535 Cerberus
867 1496 923 1547 ore,

161 1555 255 1624 Atque
275 1558 372 1612 Ixionii
391 1565 473 1614 rento
492 1564 552 1613 rota
569 1561 695 1613 constitit
713 1558 797 1612 orbis.

161 1631 275 1700 Iamque
293 1635 392 1702 pedem
411 1637 531 1690 referens
550 1652 627 1689 casus
646 1639 771 1687 evaserat
789 1633 883 1701 omnis,
982 1647 1019 1686 sss

160 1707 336 1779 Redditaque
356 1712 489 1782 Eurydice
509 1727 621 1780 superas
640 1710 768 1763 seniebat
787 1709 823 1762 ad
841 1725 931 1773 auras,

161 1783 234 1838 Pone
277 1803 553 1858 sequena-namque
589 1788 657 1840 hauc
693 1786 811 1840 dederat
853 1785 1017 1852 Proserpina

228 1861 354 1931 legem-

160 1936 229 1990 (lum
250 1939 339 1992 subita
359 1941 498 1995 incautum
517 1941 656 1996 dementia
674 1941 747 2009 cepit
766 1942 913 2006 amantem,

161 2011 330 2080 ignoscenda
350 2017 467 2084 quidem,
487 2019 588 2072 scireut
606 2019 629 2071 si
645 2017 785 2086 ignoscere
805 2016 913 2068 Manes:

161 2088 252 2144 Restit
240 2092 282 2157 tlt,
303 2093 511 2161 Eurydicenque
529 2111 613 2161 suasu,
632 2095 687 2147 iam
705 2093 765 2145 luce
783 2091 859 2144 sub
852 2108 918 2160 ipsa,
981 2105 1019 2143 seo

160 2165 305 2233 Inmemor,
326 2170 393 2222 heu!
416 2171 557 2238 victusque
577 2171 658 2222 animi
677 2168 804 2236 respexit.
787 2167 886 2220 tlbi
906 2167 993 2220 omnis

160 2243 268 2296 Effusas
286 2245 370 2312 labor,
390 2249 474 2313 atque
492 2245 595 2298 inmitis
613 2250 695 2314 rupta
712 2244 820 2312 tyranni

161 2318 294 2387 Foedera,
314 2325 413 2390 terque
432 2323 525 2391 fragor
543 2321 647 2390 Quis
664 2320 742 2374 audit
730 2323 775 2372 tus
795 2319 919 2372 Auernis.

159 2395 217 2460 Illa,
246 2397 311 2460 Quis
339 2401 368 2450 et
395 2416 446 2466 me,
474 2399 571 2468 inquit,
602 2398 737 2462 miseram,
767 2399 797 2449 et
827 2399 855 2449 te
885 2395 1016 2464 perdidit,

230 2473 349 2542 Orpheo,

159 2547 226 2612 Quis
245 2553 337 2603 tantus
357 2551 450 2606 furori
470 2552 512 2604 Eu
530 2551 630 2604 iterum
650 2549 772 2604 crudelia
790 2552 866 2602 retro
982 2563 1018 2602 ses

159 2624 228 2678 Fata
246 2631 349 2692 vocant,
368 2627 517 2695 conditque
535 2627 658 2680 natantia
675 2625 777 2678 lumina
795 2641 910 2678 somnus.
931 2662 935 2666 -

160 2700 273 2770 lamque
293 2705 366 2757 vale:
384 2704 458 2756 feror
476 2703 580 2771 ingenti
599 2702 769 2756 circumdata
786 2706 873 2767 noete,

160 2777 352 2848 Invalidasque
372 2779 422 2832 tibi
442 2780 566 2844 tendens,
586 2780 641 2832 lieu
659 2795 712 2832 non
731 2782 786 2845 tua,
805 2778 922 2846 palmas!

159 2853 244 2922 Dixit,
265 2859 294 2910 et
312 2874 347 2910 ex
367 2857 450 2909 oculis
470 2856 568 2923 subito,
587 2874 637 2910 ceu
655 2855 746 2908 fumus
762 2855 790 2908 iu
809 2871 889 2907 auras

158 2929 329 2986 Commixtus
349 2933 447 2997 tenuis,
467 2933 536 3000 fugit
555 2933 672 3001 diversa,
691 2949 780 3000 neque
798 2931 881 2996 illum,
980 2944 1017 2984 500

159 3006 338 3062 Prensantem
358 3010 524 3077 nequiquam
543 3009 654 3062 urrrbras
672 3013 701 3062 et
719 3009 805 3062 multa
824 3006 958 3060 velantem

159 3079 265 3152 Dicere,
284 3096 429 3154 praeterea
447 3085 530 3150 vidit3
547 3103 597 3139 nec
615 3086 733 3154 portitor
752 3084 816 3138 Orci

159 3162 287 3230 Amplius
305 3161 440 3215 obiectam
458 3179 553 3230 passus
571 3162 688 3215 transire
705 3161 841 3229 paludem.

159 3236 232 3300 Quid
250 3238 370 3290 lacerati
390 3254 443 3306 qno
462 3255 491 3292 se
509 3241 590 3306 rapta
607 3237 650 3290 bis
669 3239 783 3305 coniuge
801 3237 904 3290 ferreti
