<?xml version="1.0" encoding="UTF-8"?>
<!DOCTYPE html PUBLIC "-//W3C//DTD XHTML 1.0 Transitional//EN"
    "http://www.w3.org/TR/xhtml1/DTD/xhtml1-transitional.dtd">
<html xmlns="http://www.w3.org/1999/xhtml" xml:lang="en" lang="en">
 <head>
  <title>
</title>
<meta http-equiv="Content-Type" content="text/html;charset=utf-8" />
  <meta name='ocr-system' content='tesseract 3.04.00' />
  <meta name='ocr-capabilities' content='ocr_page ocr_carea ocr_par ocr_line ocrx_word'/>
</head>
<body>
  <div class='ocr_page' id='page_1' title='image "./operaexrecensio01virggoog_0204.png"; bbox 0 0 2290 3568; ppageno 0'>
   <div class='ocr_carea' id='block_1_1' title="bbox 407 167 999 218">
    <p class='ocr_par' dir='ltr' id='par_1_1' title="bbox 407 167 999 218">
     <span class='ocr_line' id='line_1_1' title="bbox 407 167 999 218; baseline 0.002 -2"><span class='ocrx_word' id='word_1_1' title='bbox 407 167 588 217; x_wconf 77' lang='lat' dir='ltr'>nunninus</span> <span class='ocrx_word' id='word_1_2' title='bbox 606 168 674 218; x_wconf 88' lang='lat' dir='ltr'>LIB.</span> <span class='ocrx_word' id='word_1_3' title='bbox 694 169 742 218; x_wconf 89' lang='lat' dir='ltr'>Vi.</span> <span class='ocrx_word' id='word_1_4' title='bbox 953 169 999 217; x_wconf 83' lang='grc'><strong>1911</strong></span> 
     </span>
    </p>
   </div>
   <div class='ocr_carea' id='block_1_2' title="bbox 108 250 1000 3214">
    <p class='ocr_par' dir='ltr' id='par_1_2' title="bbox 152 250 835 309">
     <span class='ocr_line' id='line_1_2' title="bbox 152 250 835 309; baseline -0.003 -3"><span class='ocrx_word' id='word_1_5' title='bbox 152 250 263 306; x_wconf 86' lang='lat' dir='ltr'>Talibus</span> <span class='ocrx_word' id='word_1_6' title='bbox 282 251 392 304; x_wconf 85' lang='lat' dir='ltr'>Aeneas</span> <span class='ocrx_word' id='word_1_7' title='bbox 409 250 552 302; x_wconf 73' lang='lat' dir='ltr'>ardentem</span> <span class='ocrx_word' id='word_1_8' title='bbox 570 253 599 302; x_wconf 89' lang='lat' dir='ltr'>et</span> <span class='ocrx_word' id='word_1_9' title='bbox 617 253 695 304; x_wconf 89' lang='lat' dir='ltr'>torva</span> <span class='ocrx_word' id='word_1_10' title='bbox 712 255 835 309; x_wconf 88' lang='lat' dir='ltr'>tuentem</span> 
     </span>
    </p>

    <p class='ocr_par' dir='ltr' id='par_1_3' title="bbox 152 322 824 394">
     <span class='ocr_line' id='line_1_3' title="bbox 152 322 824 394; baseline -0.001 -12"><span class='ocrx_word' id='word_1_11' title='bbox 152 328 269 382; x_wconf 83' lang='lat' dir='ltr'>Lenibat</span> <span class='ocrx_word' id='word_1_12' title='bbox 288 327 369 379; x_wconf 90' lang='lat' dir='ltr'>dictis</span> <span class='ocrx_word' id='word_1_13' title='bbox 387 325 514 394; x_wconf 85' lang='lat' dir='ltr'>animum,</span> <span class='ocrx_word' id='word_1_14' title='bbox 532 322 711 394; x_wconf 74' lang='lat' dir='ltr'><strong>lacrimasque</strong></span> <span class='ocrx_word' id='word_1_15' title='bbox 729 326 824 381; x_wconf 77' lang='lat' dir='ltr'>ciebat.</span> 
     </span>
    </p>

    <p class='ocr_par' dir='ltr' id='par_1_4' title="bbox 156 402 722 466">
     <span class='ocr_line' id='line_1_4' title="bbox 156 402 722 466; baseline -0.002 -9"><span class='ocrx_word' id='word_1_16' title='bbox 156 404 204 457; x_wconf 89' lang='lat' dir='ltr'>llla</span> <span class='ocrx_word' id='word_1_17' title='bbox 222 403 279 457; x_wconf 90' lang='lat' dir='ltr'>solo</span> <span class='ocrx_word' id='word_1_18' title='bbox 298 403 365 454; x_wconf 83' lang='lat' dir='ltr'>fixos</span> <span class='ocrx_word' id='word_1_19' title='bbox 383 402 474 456; x_wconf 91' lang='lat' dir='ltr'>oculos</span> <span class='ocrx_word' id='word_1_20' title='bbox 493 419 588 454; x_wconf 85' lang='lat' dir='ltr'>aversa</span> <span class='ocrx_word' id='word_1_21' title='bbox 606 403 722 466; x_wconf 67' lang='lat' dir='ltr'>tenebat,</span> 
     </span>
    </p>

    <p class='ocr_par' dir='ltr' id='par_1_5' title="bbox 150 477 1000 701">
     <span class='ocr_line' id='line_1_5' title="bbox 150 477 1000 548; baseline 0.002 -14"><span class='ocrx_word' id='word_1_22' title='bbox 150 480 209 534; x_wconf 87' lang='lat' dir='ltr'>Nee</span> <span class='ocrx_word' id='word_1_23' title='bbox 226 479 313 547; x_wconf 87' lang='lat' dir='ltr'>magis</span> <span class='ocrx_word' id='word_1_24' title='bbox 330 479 438 546; x_wconf 89' lang='lat' dir='ltr'>incepto</span> <span class='ocrx_word' id='word_1_25' title='bbox 456 477 559 531; x_wconf 89' lang='lat' dir='ltr'>voltum</span> <span class='ocrx_word' id='word_1_26' title='bbox 578 495 702 532; x_wconf 81' lang='lat' dir='ltr'>sermone</span> <span class='ocrx_word' id='word_1_27' title='bbox 720 484 853 548; x_wconf 84' lang='lat' dir='ltr'>movetur,</span> <span class='ocrx_word' id='word_1_28' title='bbox 963 493 1000 536; x_wconf 69' lang='grc'><strong>170</strong></span> 
     </span>
     <span class='ocr_line' id='line_1_6' title="bbox 151 555 867 624; baseline 0.003 -15"><span class='ocrx_word' id='word_1_29' title='bbox 151 556 238 620; x_wconf 81' lang='lat' dir='ltr'>Quam</span> <span class='ocrx_word' id='word_1_30' title='bbox 257 556 278 608; x_wconf 85' lang='lat' dir='ltr'>si</span> <span class='ocrx_word' id='word_1_31' title='bbox 298 555 367 607; x_wconf 87' lang='lat' dir='ltr'>dura</span> <span class='ocrx_word' id='word_1_32' title='bbox 383 555 452 608; x_wconf 80' lang='lat' dir='ltr'>silex</span> <span class='ocrx_word' id='word_1_33' title='bbox 470 557 518 607; x_wconf 89' lang='lat' dir='ltr'>aut</span> <span class='ocrx_word' id='word_1_34' title='bbox 537 557 593 607; x_wconf 88' lang='lat' dir='ltr'>slet</span> <span class='ocrx_word' id='word_1_35' title='bbox 612 555 749 624; x_wconf 87' lang='lat' dir='ltr'>Marpesia</span> <span class='ocrx_word' id='word_1_36' title='bbox 766 560 867 610; x_wconf 86' lang='lat' dir='ltr'>cautes.</span> 
     </span>
     <span class='ocr_line' id='line_1_7' title="bbox 150 631 855 701; baseline 0.003 -17"><span class='ocrx_word' id='word_1_37' title='bbox 150 632 270 686; x_wconf 82' lang='lat' dir='ltr'>Tandem</span> <span class='ocrx_word' id='word_1_38' title='bbox 289 631 422 698; x_wconf 88' lang='lat' dir='ltr'>corripuit</span> <span class='ocrx_word' id='word_1_39' title='bbox 440 647 507 697; x_wconf 89' lang='lat' dir='ltr'>sese,</span> <span class='ocrx_word' id='word_1_40' title='bbox 526 635 609 698; x_wconf 89' lang='lat' dir='ltr'>atque</span> <span class='ocrx_word' id='word_1_41' title='bbox 626 632 735 685; x_wconf 89' lang='lat' dir='ltr'>inimica</span> <span class='ocrx_word' id='word_1_42' title='bbox 754 633 855 701; x_wconf 80' lang='lat' dir='ltr'><strong>refugit</strong></span> 
     </span>
    </p>

    <p class='ocr_par' dir='ltr' id='par_1_6' title="bbox 152 707 911 776">
     <span class='ocr_line' id='line_1_8' title="bbox 152 707 911 776; baseline 0.004 -16"><span class='ocrx_word' id='word_1_43' title='bbox 152 709 186 761; x_wconf 95' lang='lat' dir='ltr'>In</span> <span class='ocrx_word' id='word_1_44' title='bbox 203 725 298 762; x_wconf 86' lang='lat' dir='ltr'>nemus</span> <span class='ocrx_word' id='word_1_45' title='bbox 315 707 502 774; x_wconf 79' lang='lat' dir='ltr'>umbriferum,</span> <span class='ocrx_word' id='word_1_46' title='bbox 521 707 637 759; x_wconf 83' lang='lat' dir='ltr'>coniunx</span> <span class='ocrx_word' id='word_1_47' title='bbox 656 708 703 760; x_wconf 91' lang='lat' dir='ltr'>ubi</span> <span class='ocrx_word' id='word_1_48' title='bbox 721 710 853 776; x_wconf 85' lang='lat' dir='ltr'>pristinus</span> <span class='ocrx_word' id='word_1_49' title='bbox 869 709 911 763; x_wconf 91' lang='lat' dir='ltr'>illi</span> 
     </span>
    </p>

    <p class='ocr_par' dir='ltr' id='par_1_7' title="bbox 108 783 870 852">
     <span class='ocr_line' id='line_1_9' title="bbox 108 783 870 852; baseline 0 -14"><span class='ocrx_word' id='word_1_50' title='bbox 108 807 114 814; x_wconf 72' lang='lat'><em>-</em></span> <span class='ocrx_word' id='word_1_51' title='bbox 152 783 309 852; x_wconf 79' lang='lat' dir='ltr'>Respondet</span> <span class='ocrx_word' id='word_1_52' title='bbox 326 783 399 836; x_wconf 82' lang='lat' dir='ltr'>curis</span> <span class='ocrx_word' id='word_1_53' title='bbox 416 787 571 850; x_wconf 90' lang='lat' dir='ltr'>aequatque</span> <span class='ocrx_word' id='word_1_54' title='bbox 590 783 726 850; x_wconf 79' lang='lat' dir='ltr'>Sychaeus</span> <span class='ocrx_word' id='word_1_55' title='bbox 745 802 870 839; x_wconf 89' lang='lat' dir='ltr'>amorem.</span> 
     </span>
    </p>

    <p class='ocr_par' dir='ltr' id='par_1_8' title="bbox 152 861 998 1005">
     <span class='ocr_line' id='line_1_10' title="bbox 152 861 998 929; baseline 0.002 -17"><span class='ocrx_word' id='word_1_56' title='bbox 152 861 174 912; x_wconf 93' lang='lat' dir='ltr'>N</span> <span class='ocrx_word' id='word_1_57' title='bbox 179 877 208 913; x_wconf 90' lang='lat' dir='ltr'>ec</span> <span class='ocrx_word' id='word_1_58' title='bbox 227 861 315 914; x_wconf 90' lang='lat' dir='ltr'>minus</span> <span class='ocrx_word' id='word_1_59' title='bbox 335 861 451 926; x_wconf 84' lang='lat' dir='ltr'>Aeneas,</span> <span class='ocrx_word' id='word_1_60' title='bbox 469 875 534 911; x_wconf 87' lang='lat' dir='ltr'>casu</span> <span class='ocrx_word' id='word_1_61' title='bbox 552 875 696 912; x_wconf 88' lang='lat' dir='ltr'>concussus</span> <span class='ocrx_word' id='word_1_62' title='bbox 714 861 813 929; x_wconf 89' lang='lat' dir='ltr'>iniquo,</span> <span class='ocrx_word' id='word_1_63' title='bbox 963 877 998 916; x_wconf 78' lang='grc'><strong>175</strong></span> 
     </span>
     <span class='ocr_line' id='line_1_11' title="bbox 153 935 941 1005; baseline 0 -15"><span class='ocrx_word' id='word_1_64' title='bbox 153 937 331 1005; x_wconf 83' lang='lat' dir='ltr'>Prosequitur</span> <span class='ocrx_word' id='word_1_65' title='bbox 348 935 491 988; x_wconf 88' lang='lat' dir='ltr'>lacrimans</span> <span class='ocrx_word' id='word_1_66' title='bbox 509 935 596 1001; x_wconf 88' lang='lat' dir='ltr'>longe,</span> <span class='ocrx_word' id='word_1_67' title='bbox 614 939 644 988; x_wconf 89' lang='lat' dir='ltr'>et</span> <span class='ocrx_word' id='word_1_68' title='bbox 662 936 808 989; x_wconf 86' lang='lat' dir='ltr'>miseratur</span> <span class='ocrx_word' id='word_1_69' title='bbox 825 940 941 990; x_wconf 89' lang='lat' dir='ltr'>euntem.</span> 
     </span>
    </p>

    <p class='ocr_par' dir='ltr' id='par_1_9' title="bbox 152 1011 964 1156">
     <span class='ocr_line' id='line_1_12' title="bbox 188 1011 964 1079; baseline 0.001 -14"><span class='ocrx_word' id='word_1_70' title='bbox 188 1013 258 1065; x_wconf 89' lang='lat' dir='ltr'>Inde</span> <span class='ocrx_word' id='word_1_71' title='bbox 277 1012 371 1064; x_wconf 90' lang='lat' dir='ltr'>datum</span> <span class='ocrx_word' id='word_1_72' title='bbox 390 1011 502 1062; x_wconf 91' lang='lat' dir='ltr'>molitur</span> <span class='ocrx_word' id='word_1_73' title='bbox 520 1011 579 1063; x_wconf 91' lang='lat' dir='ltr'>iter.</span> <span class='ocrx_word' id='word_1_74' title='bbox 620 1011 732 1079; x_wconf 87' lang='lat' dir='ltr'>lamque</span> <span class='ocrx_word' id='word_1_75' title='bbox 749 1029 814 1065; x_wconf 84' lang='lat' dir='ltr'>arva</span> <span class='ocrx_word' id='word_1_76' title='bbox 830 1012 964 1066; x_wconf 88' lang='lat' dir='ltr'>tenebant</span> 
     </span>
     <span class='ocr_line' id='line_1_13' title="bbox 152 1086 847 1156; baseline 0 -14"><span class='ocrx_word' id='word_1_77' title='bbox 152 1088 262 1152; x_wconf 84' lang='lat' dir='ltr'>Ultima,</span> <span class='ocrx_word' id='word_1_78' title='bbox 280 1103 351 1155; x_wconf 88' lang='lat' dir='ltr'>quae</span> <span class='ocrx_word' id='word_1_79' title='bbox 369 1086 440 1138; x_wconf 86' lang='lat' dir='ltr'>bello</span> <span class='ocrx_word' id='word_1_80' title='bbox 457 1086 523 1138; x_wconf 89' lang='lat' dir='ltr'>clari</span> <span class='ocrx_word' id='word_1_81' title='bbox 543 1090 649 1140; x_wconf 88' lang='lat' dir='ltr'>secreta</span> <span class='ocrx_word' id='word_1_82' title='bbox 666 1087 847 1156; x_wconf 82' lang='lat' dir='ltr'>frequentant.</span> 
     </span>
    </p>

    <p class='ocr_par' dir='ltr' id='par_1_10' title="bbox 152 1162 999 1767">
     <span class='ocr_line' id='line_1_14' title="bbox 153 1162 826 1232; baseline 0 -14"><span class='ocrx_word' id='word_1_83' title='bbox 153 1165 207 1218; x_wconf 91' lang='lat' dir='ltr'>Hic</span> <span class='ocrx_word' id='word_1_84' title='bbox 224 1164 263 1216; x_wconf 92' lang='lat' dir='ltr'>illi</span> <span class='ocrx_word' id='word_1_85' title='bbox 281 1163 398 1216; x_wconf 86' lang='lat' dir='ltr'>occurrit</span> <span class='ocrx_word' id='word_1_86' title='bbox 417 1162 530 1232; x_wconf 75' lang='lat' dir='ltr'>Tydeus,</span> <span class='ocrx_word' id='word_1_87' title='bbox 549 1163 593 1216; x_wconf 91' lang='lat' dir='ltr'>hic</span> <span class='ocrx_word' id='word_1_88' title='bbox 610 1163 727 1217; x_wconf 90' lang='lat' dir='ltr'>inclutus</span> <span class='ocrx_word' id='word_1_89' title='bbox 744 1166 826 1219; x_wconf 82' lang='lat' dir='ltr'>amnis</span> 
     </span>
     <span class='ocr_line' id='line_1_15' title="bbox 155 1239 999 1309; baseline 0.004 -16"><span class='ocrx_word' id='word_1_90' title='bbox 155 1240 374 1308; x_wconf 83' lang='lat' dir='ltr'>Parthenopaeus</span> <span class='ocrx_word' id='word_1_91' title='bbox 392 1244 421 1293; x_wconf 88' lang='lat' dir='ltr'>et</span> <span class='ocrx_word' id='word_1_92' title='bbox 440 1239 554 1293; x_wconf 81' lang='lat' dir='ltr'>Adrasti</span> <span class='ocrx_word' id='word_1_93' title='bbox 572 1240 699 1308; x_wconf 83' lang='lat' dir='ltr'>palleatis</span> <span class='ocrx_word' id='word_1_94' title='bbox 717 1241 821 1309; x_wconf 85' lang='lat' dir='ltr'>imago余</span> <span class='ocrx_word' id='word_1_95' title='bbox 962 1257 999 1296; x_wconf 74' lang='grc'>400</span> 
     </span>
     <span class='ocr_line' id='line_1_16' title="bbox 154 1317 858 1387; baseline 0.006 -18"><span class='ocrx_word' id='word_1_96' title='bbox 154 1317 207 1370; x_wconf 91' lang='lat' dir='ltr'>Hic</span> <span class='ocrx_word' id='word_1_97' title='bbox 224 1317 340 1370; x_wconf 91' lang='lat' dir='ltr'>multum</span> <span class='ocrx_word' id='word_1_98' title='bbox 360 1317 417 1370; x_wconf 85' lang='lat' dir='ltr'>llcti</span> <span class='ocrx_word' id='word_1_99' title='bbox 436 1317 472 1369; x_wconf 89' lang='lat' dir='ltr'>ad</span> <span class='ocrx_word' id='word_1_100' title='bbox 491 1333 603 1385; x_wconf 87' lang='lat' dir='ltr'>superos</span> <span class='ocrx_word' id='word_1_101' title='bbox 622 1317 748 1387; x_wconf 90' lang='lat' dir='ltr'>belloque</span> <span class='ocrx_word' id='word_1_102' title='bbox 766 1318 858 1373; x_wconf 83' lang='lat' dir='ltr'>caduci</span> 
     </span>
     <span class='ocr_line' id='line_1_17' title="bbox 153 1392 930 1462; baseline 0.005 -17"><span class='ocrx_word' id='word_1_103' title='bbox 153 1393 333 1460; x_wconf 80' lang='lat' dir='ltr'>Dardanidae,</span> <span class='ocrx_word' id='word_1_104' title='bbox 351 1410 419 1462; x_wconf 89' lang='lat' dir='ltr'>quos</span> <span class='ocrx_word' id='word_1_105' title='bbox 437 1392 482 1446; x_wconf 91' lang='lat' dir='ltr'>ille</span> <span class='ocrx_word' id='word_1_106' title='bbox 500 1394 586 1446; x_wconf 90' lang='lat' dir='ltr'>omnis</span> <span class='ocrx_word' id='word_1_107' title='bbox 604 1395 683 1462; x_wconf 88' lang='lat' dir='ltr'>lengo</span> <span class='ocrx_word' id='word_1_108' title='bbox 702 1395 798 1449; x_wconf 88' lang='lat' dir='ltr'>ordine</span> <span class='ocrx_word' id='word_1_109' title='bbox 816 1411 930 1449; x_wconf 89' lang='lat' dir='ltr'>cernens</span> 
     </span>
     <span class='ocr_line' id='line_1_18' title="bbox 154 1469 991 1540; baseline 0.004 -18"><span class='ocrx_word' id='word_1_110' title='bbox 154 1471 297 1538; x_wconf 86' lang='lat' dir='ltr'>lngemmt,</span> <span class='ocrx_word' id='word_1_111' title='bbox 317 1469 502 1537; x_wconf 74' lang='lat' dir='ltr'>Glaucumque</span> <span class='ocrx_word' id='word_1_112' title='bbox 521 1470 708 1539; x_wconf 89' lang='lat' dir='ltr'>Medontaque</span> <span class='ocrx_word' id='word_1_113' title='bbox 727 1471 991 1540; x_wconf 80' lang='lat' dir='ltr'>Thersilochumque,</span> 
     </span>
     <span class='ocr_line' id='line_1_19' title="bbox 153 1545 925 1616; baseline 0.001 -17"><span class='ocrx_word' id='word_1_114' title='bbox 153 1545 212 1599; x_wconf 82' lang='lat' dir='ltr'>Tris</span> <span class='ocrx_word' id='word_1_115' title='bbox 231 1547 421 1612; x_wconf 78' lang='lat' dir='ltr'>Antenoridae,</span> <span class='ocrx_word' id='word_1_116' title='bbox 442 1547 589 1614; x_wconf 82' lang='lat' dir='ltr'>Cererique</span> <span class='ocrx_word' id='word_1_117' title='bbox 607 1564 714 1599; x_wconf 90' lang='lat' dir='ltr'>sacrum</span> <span class='ocrx_word' id='word_1_118' title='bbox 735 1548 925 1616; x_wconf 82' lang='lat' dir='ltr'>Polypheeten,</span> 
     </span>
     <span class='ocr_line' id='line_1_20' title="bbox 154 1623 998 1690; baseline 0.001 -14"><span class='ocrx_word' id='word_1_119' title='bbox 154 1623 329 1690; x_wconf 86' lang='lat' dir='ltr'>Idaeumque,</span> <span class='ocrx_word' id='word_1_120' title='bbox 349 1623 430 1675; x_wconf 90' lang='lat' dir='ltr'>etiam</span> <span class='ocrx_word' id='word_1_121' title='bbox 449 1639 551 1688; x_wconf 90' lang='lat' dir='ltr'>currus,</span> <span class='ocrx_word' id='word_1_122' title='bbox 569 1624 653 1675; x_wconf 86' lang='lat' dir='ltr'>etiarn</span> <span class='ocrx_word' id='word_1_123' title='bbox 671 1640 747 1676; x_wconf 86' lang='lat' dir='ltr'>arma</span> <span class='ocrx_word' id='word_1_124' title='bbox 764 1628 912 1676; x_wconf 90' lang='lat' dir='ltr'>tenentem.</span> <span class='ocrx_word' id='word_1_125' title='bbox 962 1639 998 1678; x_wconf 75' lang='lat' dir='ltr'>aaa</span> 
     </span>
     <span class='ocr_line' id='line_1_21' title="bbox 152 1699 907 1767; baseline -0.001 -14"><span class='ocrx_word' id='word_1_126' title='bbox 152 1699 337 1753; x_wconf 81' lang='lat' dir='ltr'>Circumstant</span> <span class='ocrx_word' id='word_1_127' title='bbox 355 1699 460 1750; x_wconf 88' lang='lat' dir='ltr'>animae</span> <span class='ocrx_word' id='word_1_128' title='bbox 479 1699 576 1752; x_wconf 84' lang='lat' dir='ltr'>dextra</span> <span class='ocrx_word' id='word_1_129' title='bbox 595 1699 726 1767; x_wconf 89' lang='lat' dir='ltr'>laevaque</span> <span class='ocrx_word' id='word_1_130' title='bbox 744 1700 907 1766; x_wconf 83' lang='lat' dir='ltr'>frequentes.</span> 
     </span>
    </p>

    <p class='ocr_par' dir='ltr' id='par_1_11' title="bbox 152 1774 911 1843">
     <span class='ocr_line' id='line_1_22' title="bbox 152 1774 911 1843; baseline 0 -15"><span class='ocrx_word' id='word_1_131' title='bbox 152 1775 211 1828; x_wconf 87' lang='lat' dir='ltr'>Nec</span> <span class='ocrx_word' id='word_1_132' title='bbox 230 1774 329 1827; x_wconf 82' lang='lat' dir='ltr'>vidisse</span> <span class='ocrx_word' id='word_1_133' title='bbox 347 1775 430 1827; x_wconf 89' lang='lat' dir='ltr'>semel</span> <span class='ocrx_word' id='word_1_134' title='bbox 447 1775 514 1828; x_wconf 88' lang='lat' dir='ltr'>satis</span> <span class='ocrx_word' id='word_1_135' title='bbox 533 1777 589 1839; x_wconf 88' lang='lat' dir='ltr'>est余</span> <span class='ocrx_word' id='word_1_136' title='bbox 607 1774 786 1843; x_wconf 86' lang='lat' dir='ltr'>iuratusque</span> <span class='ocrx_word' id='word_1_137' title='bbox 804 1776 911 1842; x_wconf 90' lang='lat' dir='ltr'>morari,</span> 
     </span>
    </p>

    <p class='ocr_par' dir='ltr' id='par_1_12' title="bbox 153 1850 920 1918">
     <span class='ocr_line' id='line_1_23' title="bbox 153 1850 920 1918; baseline 0.003 -16"><span class='ocrx_word' id='word_1_138' title='bbox 153 1851 190 1904; x_wconf 80' lang='lat' dir='ltr'>nt</span> <span class='ocrx_word' id='word_1_139' title='bbox 207 1851 329 1904; x_wconf 83' lang='lat' dir='ltr'>conferre</span> <span class='ocrx_word' id='word_1_140' title='bbox 347 1850 470 1918; x_wconf 88' lang='lat' dir='ltr'>gradum,</span> <span class='ocrx_word' id='word_1_141' title='bbox 489 1855 518 1904; x_wconf 90' lang='lat' dir='ltr'>et</span> <span class='ocrx_word' id='word_1_142' title='bbox 536 1851 663 1905; x_wconf 86' lang='lat' dir='ltr'>veniendi</span> <span class='ocrx_word' id='word_1_143' title='bbox 682 1851 788 1905; x_wconf 86' lang='lat' dir='ltr'>discere</span> <span class='ocrx_word' id='word_1_144' title='bbox 806 1868 920 1905; x_wconf 78' lang='lat' dir='ltr'>caussas</span> 
     </span>
    </p>

    <p class='ocr_par' dir='ltr' id='par_1_13' title="bbox 153 1926 998 2147">
     <span class='ocr_line' id='line_1_24' title="bbox 153 1926 950 1996; baseline 0.003 -17"><span class='ocrx_word' id='word_1_145' title='bbox 153 1927 193 1980; x_wconf 89' lang='lat' dir='ltr'>At</span> <span class='ocrx_word' id='word_1_146' title='bbox 211 1926 334 1979; x_wconf 88' lang='lat' dir='ltr'>Danaum</span> <span class='ocrx_word' id='word_1_147' title='bbox 352 1943 478 1995; x_wconf 89' lang='lat' dir='ltr'>proceres</span> <span class='ocrx_word' id='word_1_148' title='bbox 499 1928 784 1996; x_wconf 81' lang='lat' dir='ltr'>Agamemnoniaeque</span> <span class='ocrx_word' id='word_1_149' title='bbox 802 1929 950 1996; x_wconf 80' lang='lat' dir='ltr'>phalanges</span> 
     </span>
     <span class='ocr_line' id='line_1_25' title="bbox 154 2003 998 2072; baseline 0.002 -16"><span class='ocrx_word' id='word_1_150' title='bbox 154 2003 193 2056; x_wconf 94' lang='lat' dir='ltr'>Ut</span> <span class='ocrx_word' id='word_1_151' title='bbox 210 2003 303 2056; x_wconf 88' lang='lat' dir='ltr'>videre</span> <span class='ocrx_word' id='word_1_152' title='bbox 321 2003 408 2055; x_wconf 90' lang='lat' dir='ltr'>virum</span> <span class='ocrx_word' id='word_1_153' title='bbox 426 2003 611 2072; x_wconf 87' lang='lat' dir='ltr'>fulgentiaque</span> <span class='ocrx_word' id='word_1_154' title='bbox 630 2021 706 2057; x_wconf 86' lang='lat' dir='ltr'>arma</span> <span class='ocrx_word' id='word_1_155' title='bbox 723 2021 773 2072; x_wconf 91' lang='lat' dir='ltr'>per</span> <span class='ocrx_word' id='word_1_156' title='bbox 789 2005 908 2072; x_wconf 80' lang='lat' dir='ltr'>umbrae,</span> <span class='ocrx_word' id='word_1_157' title='bbox 961 2019 998 2058; x_wconf 71' lang='grc'>400</span> 
     </span>
     <span class='ocr_line' id='line_1_26' title="bbox 157 2079 841 2147; baseline 0 -15"><span class='ocrx_word' id='word_1_158' title='bbox 157 2079 263 2146; x_wconf 89' lang='lat' dir='ltr'>lugenti</span> <span class='ocrx_word' id='word_1_159' title='bbox 281 2079 420 2146; x_wconf 89' lang='lat' dir='ltr'>trepidare</span> <span class='ocrx_word' id='word_1_160' title='bbox 439 2084 529 2143; x_wconf 90' lang='lat' dir='ltr'>metu余</span> <span class='ocrx_word' id='word_1_161' title='bbox 548 2097 612 2147; x_wconf 87' lang='lat' dir='ltr'>pars</span> <span class='ocrx_word' id='word_1_162' title='bbox 630 2084 738 2133; x_wconf 82' lang='lat' dir='ltr'>vertere</span> <span class='ocrx_word' id='word_1_163' title='bbox 755 2083 841 2147; x_wconf 90' lang='lat' dir='ltr'>terga,</span> 
     </span>
    </p>

    <p class='ocr_par' dir='ltr' id='par_1_14' title="bbox 152 2154 900 2297">
     <span class='ocr_line' id='line_1_27' title="bbox 152 2154 900 2222; baseline 0 -14"><span class='ocrx_word' id='word_1_164' title='bbox 152 2155 209 2213; x_wconf 82' lang='lat' dir='ltr'>Ceu</span> <span class='ocrx_word' id='word_1_165' title='bbox 227 2154 364 2222; x_wconf 89' lang='lat' dir='ltr'>quendam</span> <span class='ocrx_word' id='word_1_166' title='bbox 382 2154 488 2222; x_wconf 86' lang='lat' dir='ltr'>petiere</span> <span class='ocrx_word' id='word_1_167' title='bbox 506 2159 594 2217; x_wconf 89' lang='lat' dir='ltr'>rates余</span> <span class='ocrx_word' id='word_1_168' title='bbox 612 2171 676 2222; x_wconf 88' lang='lat' dir='ltr'>pars</span> <span class='ocrx_word' id='word_1_169' title='bbox 693 2155 790 2207; x_wconf 88' lang='lat' dir='ltr'>tollere</span> <span class='ocrx_word' id='word_1_170' title='bbox 807 2172 900 2208; x_wconf 89' lang='lat' dir='ltr'>vocem</span> 
     </span>
     <span class='ocr_line' id='line_1_28' title="bbox 153 2229 850 2297; baseline 0.001 -15"><span class='ocrx_word' id='word_1_171' title='bbox 153 2231 300 2297; x_wconf 82' lang='lat' dir='ltr'>Exiguam:</span> <span class='ocrx_word' id='word_1_172' title='bbox 318 2230 442 2296; x_wconf 88' lang='lat' dir='ltr'>inceptus</span> <span class='ocrx_word' id='word_1_173' title='bbox 460 2229 561 2282; x_wconf 89' lang='lat' dir='ltr'>clamor</span> <span class='ocrx_word' id='word_1_174' title='bbox 579 2230 728 2283; x_wconf 79' lang='lat' dir='ltr'>frustratur</span> <span class='ocrx_word' id='word_1_175' title='bbox 745 2231 850 2283; x_wconf 90' lang='lat' dir='ltr'>hiantis.</span> 
     </span>
    </p>

    <p class='ocr_par' dir='ltr' id='par_1_15' title="bbox 154 2305 999 2602">
     <span class='ocr_line' id='line_1_29' title="bbox 189 2305 876 2376; baseline 0 -16"><span class='ocrx_word' id='word_1_176' title='bbox 189 2309 286 2376; x_wconf 86' lang='lat' dir='ltr'>Atque</span> <span class='ocrx_word' id='word_1_177' title='bbox 302 2305 346 2358; x_wconf 89' lang='lat' dir='ltr'>hic</span> <span class='ocrx_word' id='word_1_178' title='bbox 366 2305 521 2360; x_wconf 87' lang='lat' dir='ltr'>Priamiden</span> <span class='ocrx_word' id='word_1_179' title='bbox 539 2305 669 2358; x_wconf 90' lang='lat' dir='ltr'>laniatum</span> <span class='ocrx_word' id='word_1_180' title='bbox 688 2322 800 2374; x_wconf 90' lang='lat' dir='ltr'>corpere</span> <span class='ocrx_word' id='word_1_181' title='bbox 817 2309 876 2360; x_wconf 79' lang='lat' dir='ltr'>toto</span> 
     </span>
     <span class='ocr_line' id='line_1_30' title="bbox 154 2381 999 2452; baseline -0.001 -16"><span class='ocrx_word' id='word_1_182' title='bbox 154 2382 325 2452; x_wconf 89' lang='lat' dir='ltr'>Deiphobum</span> <span class='ocrx_word' id='word_1_183' title='bbox 344 2381 419 2435; x_wconf 86' lang='lat' dir='ltr'>videt</span> <span class='ocrx_word' id='word_1_184' title='bbox 437 2385 466 2434; x_wconf 88' lang='lat' dir='ltr'>et</span> <span class='ocrx_word' id='word_1_185' title='bbox 484 2382 602 2435; x_wconf 87' lang='lat' dir='ltr'>lacerum</span> <span class='ocrx_word' id='word_1_186' title='bbox 620 2382 768 2435; x_wconf 87' lang='lat' dir='ltr'>crudeliter</span> <span class='ocrx_word' id='word_1_187' title='bbox 787 2399 841 2450; x_wconf 90' lang='lat' dir='ltr'>ora,</span> <span class='ocrx_word' id='word_1_188' title='bbox 964 2399 999 2440; x_wconf 74' lang='lat' dir='ltr'>aas</span> 
     </span>
     <span class='ocr_line' id='line_1_31' title="bbox 154 2457 944 2528; baseline 0 -15"><span class='ocrx_word' id='word_1_189' title='bbox 154 2459 210 2513; x_wconf 89' lang='lat' dir='ltr'>Ora</span> <span class='ocrx_word' id='word_1_190' title='bbox 227 2475 375 2528; x_wconf 90' lang='lat' dir='ltr'>manusque</span> <span class='ocrx_word' id='word_1_191' title='bbox 394 2457 496 2526; x_wconf 82' lang='lat' dir='ltr'>ambas,</span> <span class='ocrx_word' id='word_1_192' title='bbox 515 2458 698 2528; x_wconf 90' lang='lat' dir='ltr'>populataque</span> <span class='ocrx_word' id='word_1_193' title='bbox 715 2462 840 2528; x_wconf 89' lang='lat' dir='ltr'>tempora</span> <span class='ocrx_word' id='word_1_194' title='bbox 857 2460 944 2528; x_wconf 87' lang='lat' dir='ltr'>raptis</span> 
     </span>
     <span class='ocr_line' id='line_1_32' title="bbox 158 2535 839 2602; baseline -0.003 -12"><span class='ocrx_word' id='word_1_195' title='bbox 158 2535 282 2602; x_wconf 84' lang='lat' dir='ltr'>Auribus,</span> <span class='ocrx_word' id='word_1_196' title='bbox 301 2539 329 2590; x_wconf 90' lang='lat' dir='ltr'>et</span> <span class='ocrx_word' id='word_1_197' title='bbox 346 2540 456 2589; x_wconf 83' lang='lat' dir='ltr'>tumeas</span> <span class='ocrx_word' id='word_1_198' title='bbox 474 2536 616 2590; x_wconf 87' lang='lat' dir='ltr'>inhonesto</span> <span class='ocrx_word' id='word_1_199' title='bbox 634 2535 743 2588; x_wconf 89' lang='lat' dir='ltr'>volnere</span> <span class='ocrx_word' id='word_1_200' title='bbox 760 2536 839 2588; x_wconf 83' lang='lat' dir='ltr'>naris.</span> 
     </span>
    </p>

    <p class='ocr_par' dir='ltr' id='par_1_16' title="bbox 154 2611 910 2758">
     <span class='ocr_line' id='line_1_33' title="bbox 154 2611 910 2680; baseline 0 -15"><span class='ocrx_word' id='word_1_201' title='bbox 154 2612 209 2665; x_wconf 85' lang='lat' dir='ltr'>Vix</span> <span class='ocrx_word' id='word_1_202' title='bbox 227 2611 295 2664; x_wconf 88' lang='lat' dir='ltr'>adeo</span> <span class='ocrx_word' id='word_1_203' title='bbox 313 2611 442 2680; x_wconf 89' lang='lat' dir='ltr'>adgnovit</span> <span class='ocrx_word' id='word_1_204' title='bbox 460 2613 627 2680; x_wconf 84' lang='lat' dir='ltr'>pavitantem</span> <span class='ocrx_word' id='word_1_205' title='bbox 646 2615 675 2666; x_wconf 90' lang='lat' dir='ltr'>et</span> <span class='ocrx_word' id='word_1_206' title='bbox 693 2613 753 2665; x_wconf 88' lang='lat' dir='ltr'>dira</span> <span class='ocrx_word' id='word_1_207' title='bbox 771 2614 910 2678; x_wconf 87' lang='lat' dir='ltr'>tegentem</span> 
     </span>
     <span class='ocr_line' id='line_1_34' title="bbox 154 2687 829 2758; baseline 0.001 -17"><span class='ocrx_word' id='word_1_208' title='bbox 154 2687 297 2756; x_wconf 77' lang='lat' dir='ltr'>Supplicia,</span> <span class='ocrx_word' id='word_1_209' title='bbox 316 2693 345 2742; x_wconf 87' lang='lat' dir='ltr'>et</span> <span class='ocrx_word' id='word_1_210' title='bbox 362 2691 434 2742; x_wconf 85' lang='lat' dir='ltr'>notis</span> <span class='ocrx_word' id='word_1_211' title='bbox 452 2689 596 2758; x_wconf 88' lang='lat' dir='ltr'>compellat</span> <span class='ocrx_word' id='word_1_212' title='bbox 615 2688 726 2742; x_wconf 88' lang='lat' dir='ltr'>vocibus</span> <span class='ocrx_word' id='word_1_213' title='bbox 744 2689 829 2742; x_wconf 89' lang='lat' dir='ltr'>ultro:</span> 
     </span>
    </p>

    <p class='ocr_par' dir='ltr' id='par_1_17' title="bbox 154 2763 999 2909">
     <span class='ocr_line' id='line_1_35' title="bbox 154 2763 999 2833; baseline -0.001 -16"><span class='ocrx_word' id='word_1_214' title='bbox 154 2764 296 2832; x_wconf 90' lang='lat' dir='ltr'>Deiphobe</span> <span class='ocrx_word' id='word_1_215' title='bbox 308 2765 481 2833; x_wconf 87' lang='lat' dir='ltr'>armipotens,</span> <span class='ocrx_word' id='word_1_216' title='bbox 493 2782 579 2833; x_wconf 83' lang='lat' dir='ltr'>genus</span> <span class='ocrx_word' id='word_1_217' title='bbox 592 2765 648 2818; x_wconf 88' lang='lat' dir='ltr'>alto</span> <span class='ocrx_word' id='word_1_218' title='bbox 660 2782 676 2818; x_wconf 89' lang='lat' dir='ltr'>a</span> <span class='ocrx_word' id='word_1_219' title='bbox 688 2765 819 2832; x_wconf 80' lang='lat' dir='ltr'>sauguine</span> <span class='ocrx_word' id='word_1_220' title='bbox 832 2763 935 2830; x_wconf 86' lang='lat' dir='ltr'>Teucri,</span> <span class='ocrx_word' id='word_1_221' title='bbox 963 2778 999 2816; x_wconf 89' lang='grc'>500</span> 
     </span>
     <span class='ocr_line' id='line_1_36' title="bbox 154 2839 813 2909; baseline 0 -15"><span class='ocrx_word' id='word_1_222' title='bbox 154 2839 221 2904; x_wconf 84' lang='lat' dir='ltr'>Quis</span> <span class='ocrx_word' id='word_1_223' title='bbox 238 2843 294 2894; x_wconf 84' lang='lat' dir='ltr'>tam</span> <span class='ocrx_word' id='word_1_224' title='bbox 313 2841 430 2894; x_wconf 89' lang='lat' dir='ltr'>crudelis</span> <span class='ocrx_word' id='word_1_225' title='bbox 448 2842 553 2909; x_wconf 88' lang='lat' dir='ltr'>optavit</span> <span class='ocrx_word' id='word_1_226' title='bbox 571 2857 679 2894; x_wconf 88' lang='lat' dir='ltr'>sumere</span> <span class='ocrx_word' id='word_1_227' title='bbox 697 2841 813 2908; x_wconf 86' lang='lat' dir='ltr'>poenasl</span> 
     </span>
    </p>

    <p class='ocr_par' dir='ltr' id='par_1_18' title="bbox 154 2916 879 2984">
     <span class='ocr_line' id='line_1_37' title="bbox 154 2916 879 2984; baseline -0.004 -14"><span class='ocrx_word' id='word_1_228' title='bbox 154 2917 205 2970; x_wconf 84' lang='lat' dir='ltr'>Cui</span> <span class='ocrx_word' id='word_1_229' title='bbox 222 2920 331 2969; x_wconf 86' lang='lat' dir='ltr'>tautum</span> <span class='ocrx_word' id='word_1_230' title='bbox 349 2917 384 2970; x_wconf 91' lang='lat' dir='ltr'>de</span> <span class='ocrx_word' id='word_1_231' title='bbox 402 2921 430 2970; x_wconf 91' lang='lat' dir='ltr'>te</span> <span class='ocrx_word' id='word_1_232' title='bbox 448 2917 541 2971; x_wconf 88' lang='lat' dir='ltr'>licuitl</span> <span class='ocrx_word' id='word_1_233' title='bbox 577 2916 645 2970; x_wconf 92' lang='lat' dir='ltr'>Mihi</span> <span class='ocrx_word' id='word_1_234' title='bbox 663 2917 735 2969; x_wconf 84' lang='lat' dir='ltr'>fama</span> <span class='ocrx_word' id='word_1_235' title='bbox 754 2932 879 2984; x_wconf 91' lang='lat' dir='ltr'>suprema</span> 
     </span>
    </p>

    <p class='ocr_par' dir='ltr' id='par_1_19' title="bbox 154 2993 850 3137">
     <span class='ocr_line' id='line_1_38' title="bbox 154 2993 850 3060; baseline -0.001 -14"><span class='ocrx_word' id='word_1_236' title='bbox 154 2993 241 3046; x_wconf 89' lang='lat' dir='ltr'>Nocte</span> <span class='ocrx_word' id='word_1_237' title='bbox 259 2993 323 3046; x_wconf 88' lang='lat' dir='ltr'>tulit</span> <span class='ocrx_word' id='word_1_238' title='bbox 340 2993 442 3046; x_wconf 84' lang='lat' dir='ltr'>fessum</span> <span class='ocrx_word' id='word_1_239' title='bbox 460 2999 538 3047; x_wconf 87' lang='lat' dir='ltr'>vasta</span> <span class='ocrx_word' id='word_1_240' title='bbox 555 2996 584 3046; x_wconf 92' lang='lat' dir='ltr'>tc</span> <span class='ocrx_word' id='word_1_241' title='bbox 602 2993 685 3046; x_wconf 88' lang='lat' dir='ltr'>caede</span> <span class='ocrx_word' id='word_1_242' title='bbox 706 2993 850 3060; x_wconf 87' lang='lat' dir='ltr'>Pelasgum</span> 
     </span>
     <span class='ocr_line' id='line_1_39' title="bbox 155 3067 845 3137; baseline -0.001 -16"><span class='ocrx_word' id='word_1_243' title='bbox 155 3067 333 3123; x_wconf 88' lang='lat' dir='ltr'>Procubuissc</span> <span class='ocrx_word' id='word_1_244' title='bbox 352 3085 433 3136; x_wconf 88' lang='lat' dir='ltr'>super</span> <span class='ocrx_word' id='word_1_245' title='bbox 451 3070 577 3123; x_wconf 85' lang='lat' dir='ltr'>confusae</span> <span class='ocrx_word' id='word_1_246' title='bbox 596 3070 695 3137; x_wconf 86' lang='lat' dir='ltr'>stragis</span> <span class='ocrx_word' id='word_1_247' title='bbox 713 3085 845 3122; x_wconf 88' lang='lat' dir='ltr'>acervum.</span> 
     </span>
    </p>

    <p class='ocr_par' dir='ltr' id='par_1_20' title="bbox 154 3145 999 3214">
     <span class='ocr_line' id='line_1_40' title="bbox 154 3145 999 3214; baseline 0.002 -16"><span class='ocrx_word' id='word_1_248' title='bbox 154 3145 228 3198; x_wconf 90' lang='lat' dir='ltr'>Tunc</span> <span class='ocrx_word' id='word_1_249' title='bbox 246 3149 354 3214; x_wconf 90' lang='lat' dir='ltr'>egomet</span> <span class='ocrx_word' id='word_1_250' title='bbox 373 3145 506 3199; x_wconf 90' lang='lat' dir='ltr'>tumulum</span> <span class='ocrx_word' id='word_1_251' title='bbox 525 3145 649 3198; x_wconf 89' lang='lat' dir='ltr'>Rhoeteo</span> <span class='ocrx_word' id='word_1_252' title='bbox 666 3145 694 3197; x_wconf 91' lang='lat' dir='ltr'>iu</span> <span class='ocrx_word' id='word_1_253' title='bbox 713 3145 793 3197; x_wconf 92' lang='lat' dir='ltr'>litore</span> <span class='ocrx_word' id='word_1_254' title='bbox 811 3145 918 3198; x_wconf 88' lang='lat' dir='ltr'>inanem</span> <span class='ocrx_word' id='word_1_255' title='bbox 963 3161 999 3200; x_wconf 83' lang='grc'>505</span> 
     </span>
    </p>
   </div>
   <div class='ocr_carea' id='block_1_3' title="bbox 154 3220 831 3344">
    <p class='ocr_par' dir='ltr' id='par_1_21' title="bbox 154 3220 831 3344">
     <span class='ocr_line' id='line_1_41' title="bbox 154 3220 831 3290; baseline 0 -16"><span class='ocrx_word' id='word_1_256' title='bbox 154 3221 297 3290; x_wconf 80' lang='lat' dir='ltr'>Constitui,</span> <span class='ocrx_word' id='word_1_257' title='bbox 316 3226 345 3277; x_wconf 88' lang='lat' dir='ltr'>et</span> <span class='ocrx_word' id='word_1_258' title='bbox 363 3238 461 3290; x_wconf 84' lang='lat' dir='ltr'>magna</span> <span class='ocrx_word' id='word_1_259' title='bbox 479 3220 569 3276; x_wconf 88' lang='lat' dir='ltr'>Manis</span> <span class='ocrx_word' id='word_1_260' title='bbox 586 3223 632 3275; x_wconf 88' lang='lat' dir='ltr'>ter</span> <span class='ocrx_word' id='word_1_261' title='bbox 649 3237 714 3274; x_wconf 91' lang='lat' dir='ltr'>voce</span> <span class='ocrx_word' id='word_1_262' title='bbox 732 3221 831 3274; x_wconf 81' lang='lat' dir='ltr'>vocavi.</span> 
     </span>
     <span class='ocr_line' id='line_1_42' title="bbox 218 3299 246 3344; baseline 0.036 -1"><span class='ocrx_word' id='word_1_263' title='bbox 218 3299 246 3344; x_wconf 83' lang='lat' dir='ltr'>la</span> 
     </span>
    </p>
   </div>
   <div class='ocr_carea' id='block_1_4' title="bbox 0 0 1152 3568">
    <p class='ocr_par' dir='ltr' id='par_1_22' title="bbox 0 0 1152 3568">
     <span class='ocr_line' id='line_1_43' title="bbox 0 0 1152 3568; baseline 0 0"><span class='ocrx_word' id='word_1_264' title='bbox 0 0 1152 3568; x_wconf 95' lang='lat' dir='ltr'> </span> 
     </span>
    </p>
   </div>
  </div>
 </body>
</html>
