2290 3568
134 161 181 206 230
363 156 392 204 P.
411 154 567 202 VERGILI
584 154 716 201 MAllON
719 154 752 201 IS

134 237 284 290 'lementur
302 236 361 289 visu
379 235 477 302 subito,
496 235 641 302 cunctique
659 233 762 287 relictis

54 350 57 355 ·
135 313 309 380 Consurgunt
327 313 435 365 mensis.
474 311 575 364 Audax
593 327 661 378 quos
679 327 807 378 rumpere
826 309 916 366 Pallas
951 325 987 364 ιιο

135 389 217 442 Sacra
235 392 318 456 vetat,
337 393 471 457 raptoque
489 387 563 440 volat
580 387 636 440 telo
654 386 750 440 obvius
768 387 835 456 ipse,

135 466 172 519 Et
189 464 282 534 procul
301 482 316 518 e
335 465 454 519 tumulo:
475 465 599 530 Iuvenes,
619 480 689 532 quae
708 480 802 516 caussa
821 463 931 533 subegit

136 543 247 610 Ignotae
265 546 401 609 temptare
420 541 493 594 viasl
512 557 565 607 quc
584 540 675 593 tendit
676 541 715 594 isl
734 540 830 607 inquit.

136 619 188 683 Qui
207 620 309 687 genusl
328 617 401 670 unde
419 617 517 670 domol
526 633 664 706 pacemne
677 616 728 670 huc
740 617 826 684 fertis,
844 634 878 670 an
898 619 990 672 armal

135 696 203 748 'lum
220 698 301 764 pater
322 697 431 748 Aeneas
449 681 533 762 puppi
552 694 590 746 sic
609 693 649 746 fal
637 697 683 746 tur
702 693 736 746 ab
754 693 816 759 alta,
954 711 990 748 115

136 771 332 840 Pacifcraeque
350 787 432 823 manu
450 787 555 822 ramum
574 770 733 838 praetendit
722 769 852 825 tclivaa:

136 849 302 916 Troiugenas
320 863 351 900 aa
370 847 424 900 tala
443 846 544 900 vides
537 847 645 900 mimica
664 847 777 914 Latinis,

136 925 209 988 Quos
227 925 265 977 illi
284 923 356 977 bello
374 924 503 991 profugos
523 940 604 990 egere
623 923 747 992 superbo.

137 1001 294 1054 Euandrum
312 1001 438 1070 petimus.
477 1000 561 1053 Ferte
579 1000 652 1064 haec,
672 1004 701 1053 ct
720 999 802 1054 dicite
820 1001 905 1054 lectos

136 1078 289 1132 Dardaniae
307 1079 413 1131 venisse
431 1077 521 1144 duces,
540 1077 612 1129 socia
630 1094 705 1130 arma
723 1078 850 1144 rogantis.
955 1090 991 1129 120

136 1155 278 1223 Obstipuit
297 1158 376 1208 tanto
394 1154 534 1222 perculsus
552 1154 660 1206 nominc
680 1154 783 1206 Pallas:

136 1232 275 1299 Egrederc
294 1247 309 1282 ο
328 1231 492 1298 quicumque
511 1246 547 1296 es,
567 1230 614 1296 ait,
632 1246 777 1298 coramque
795 1234 936 1297 parentem

137 1308 303 1376 Adloquero,
321 1324 352 1360 ac
370 1307 470 1358 nostris
489 1307 603 1358 succede
620 1306 765 1374 penatibus
782 1306 886 1374 hospes.

137 1384 304 1453 Excepitquc
323 1400 412 1448 manu,
432 1382 612 1450 dextramque
631 1383 773 1451 amplexus
791 1382 916 1436 inhaesit.

136 1460 278 1529 Progressi
297 1459 415 1513 subeunt
433 1459 499 1522 luco,
518 1458 685 1526 fluviumque
703 1460 867 1528 relinquunt.
955 1473 992 1512 aas

170 1537 238 1590 Tum
256 1553 348 1604 regem
368 1536 477 1589 Aeneas
496 1534 577 1588 dictis
595 1535 706 1590 adfatur
723 1536 830 1590 amicis:

137 1613 255 1682 Optume
274 1613 466 1679 Graiugenum,
485 1612 528 1665 cui
545 1629 589 1665 me
608 1612 730 1666 Fortuna
748 1612 853 1680 precari

137 1690 172 1744 Et
189 1691 258 1745 vitta
276 1694 401 1760 comptos
420 1689 506 1744 voluit
525 1689 707 1757 praetendere
726 1706 822 1755 ramos,

137 1767 197 1820 Non
216 1767 344 1836 equidem
362 1767 484 1834 extimui,
504 1766 627 1819 Danaum
648 1767 721 1834 quod
740 1765 837 1819 ductor
855 1769 884 1820 ct
903 1767 990 1818 Arcas

137 1845 271 1912 Quodque
283 1844 317 1898 ab
331 1845 415 1912 stirpe
428 1845 501 1897 loros
513 1844 626 1911 geminis
639 1843 797 1896 coniunctus
809 1841 932 1906 Atridis3
956 1854 992 1894 ιοο

137 1921 193 1974 Sed
211 1938 271 1974 mea
288 1937 332 1973 me
350 1921 437 1973 virtus
456 1925 484 1974 et
503 1924 596 1974 sancta
614 1920 722 1973 oracula
740 1919 840 1985 divom,

138 1997 306 2065 cognatique
324 2001 425 2065 patres,
444 2000 492 2049 tua
510 1998 593 2050 terris
611 1996 699 2049 didita
716 1996 795 2060 fama,

138 2074 308 2127 Coniunxere
326 2073 384 2140 tibi,
404 2078 433 2126 et
450 2073 514 2128 fatis
532 2091 614 2141 cgere
632 2073 775 2126 volentem.

139 2149 289 2218 Dardanus,
309 2150 408 2203 Iliacae
425 2150 529 2218 primus
547 2153 627 2217 pater
645 2149 721 2203 urbis
739 2154 768 2204 οι
785 2151 887 2217 auctor,

139 2226 254 2294 Electra,
272 2231 302 2280 ιιι
322 2227 397 2280 Graii
416 2226 567 2294 perhibent,
589 2226 733 2279 Atlantide
752 2229 852 2292 cretus,
956 2237 991 2276 ιοι

139 2304 294 2356 Advehitur
312 2304 444 2366 l'cucros;
464 2303 600 2356 Electram
618 2320 761 2355 maxumus
781 2303 861 2356 Atlas

138 2380 240 2446 Edidit,
259 2381 394 2432 aetherios
413 2379 525 2431 humero
544 2379 591 2446 qui
610 2379 728 2430 sustinet
745 2378 826 2430 orbis.

138 2455 224 2508 Vobis
243 2456 394 2508 Mercurius
413 2459 493 2522 pater
511 2459 560 2519 est,
580 2470 661 2521 quem
680 2453 797 2506 candida
815 2453 889 2506 Maia

138 2531 264 2600 Cyllenae
282 2531 373 2599 gelido
392 2534 553 2599 conceptum
572 2530 674 2582 ιοιιὶοο
692 2529 780 2593 fudit;

139 2611 179 2662 At
197 2609 305 2674 Maiam,
324 2607 408 2660 audit'
390 2611 424 2660 tis
443 2609 464 2660 si
484 2607 629 2676 quicquam
648 2604 792 2671 credimus,
814 2605 902 2671 Atlas,
960 2618 996 2658 ιοο

140 2686 218 2740 Idem
239 2686 319 2739 Atlas
337 2689 457 2753 generat,
475 2683 542 2738 caeli
561 2683 606 2752 qui
628 2683 717 2736 sidera
735 2647 814 2736 tollit.

139 2761 183 2815 Sic
200 2779 285 2829 genus
304 2761 445 2816 amborum
464 2760 563 2814 scindit
551 2765 610 2814 tsc
629 2760 758 2828 sanguina
777 2758 811 2813 ab
829 2775 889 2814 uno.

141 2838 192 2890 His
210 2839 298 2892 frctus
317 2855 370 2891 non
390 2838 464 2906 legat
435 2855 494 2890 aos
514 2855 603 2906 neque
622 2837 709 2904 prima
728 2853 777 2906 per
795 2840 883 2890 artem

140 2913 347 2983 'l'ernptamcnta
365 2915 406 2968 tui
425 2915 530 2984 pepigi;
548 2931 599 2982 mc,
618 2930 662 2967 ma
679 2913 737 2982 ipso
756 2928 900 2980 meumque

140 2990 235 3045 Obieci
253 2995 382 3060 caputet
402 2993 516 3061 supplex
536 2991 572 3044 ad
589 2991 683 3044 limina
702 2991 770 3044 veni.
957 3000 993 3040 ιιι

140 3066 213 3122 Gens
231 3069 334 3135 eadem,
354 3084 425 3137 quac
443 3073 480 3136 te,
499 3069 602 3123 crudeli
622 3069 727 3121 Daunia
745 3067 816 3119 bollo

141 3144 315 3212 Insequitur;
333 3163 381 3198 nos
401 3147 423 3198 si
441 3111 552 3215 pellant,
571 3145 636 3198 nihil
657 3144 731 3196 afore
749 3141 872 3206 creduut,

141 3219 211 3284 Quin
230 3237 337 3276 omnem
358 3222 520 3290 Hesperiam
539 3223 646 3291 penius
664 3234 713 3272 aua
730 3215 858 3284 subiuga
873 3213 994 3280 mittant,
