2268 3570
115 165 162 212 322
349 162 377 210 P.
397 160 550 210 VERGILI
568 160 735 209 MARONIS

115 243 170 296 Olli
188 242 258 295 dura
278 243 356 311 quies
375 243 467 296 oculos
485 245 514 296 ot
533 243 639 296 ferreus
660 245 760 310 urguet

115 319 245 384 Somnus;
265 319 294 372 in
312 322 451 372 aeternam
473 319 638 372 clauduntur
656 319 758 372 lumina
776 323 891 374 noctem.
931 333 970 374 aro

150 396 190 448 At
209 395 270 462 pius
289 396 399 449 Aeneas
419 395 547 449 dextram
566 393 701 449 tendebat
721 395 852 449 inermem

114 470 140 522 N
143 470 227 524 udato
245 471 343 540 capite,
362 475 446 540 atque
464 488 527 524 suos
545 471 663 524 clamore
682 471 810 525 vocabat:

115 546 175 610 Quo
192 548 273 602 ruitis
285 549 407 615 lquaevo
418 549 472 602 ista
489 565 589 617 repens
607 548 743 601 discordia
762 549 868 614 surgit?

115 621 138 675 Ο
157 623 283 678 cohibete
301 625 372 678 iras!
392 627 476 678 ictum
495 625 550 677 iam
567 625 671 692 foedus,
690 628 719 677 et
737 641 829 677 omnes

115 699 277 768 Conpositae
294 701 387 769 leges;
404 701 471 772 mihi
489 701 532 754 lus
550 717 711 754 concurrere
730 701 796 765 soli,
932 715 968 753 ais

114 775 161 829 Me
180 777 268 845 sinite,
286 781 370 846 atque
388 777 495 832 auferte
513 781 622 830 metus:
643 793 693 844 ego
712 776 823 830 foedera
840 776 903 828 faxo

116 851 208 906 Firma
225 870 308 906 manu
318 874 324 918 ;
343 855 464 907 Turnum
482 853 585 907 debent
602 853 669 906 haec
686 853 740 906 iam
758 853 824 904 mihi
843 869 925 905 sacra

116 928 174 982 Has
191 929 265 983 inter
281 947 368 996 voces,
387 930 479 983 media
496 930 569 983 inter
587 930 653 983 talia
670 929 759 994 verba,

115 1003 191 1073 Ecce,
209 1007 267 1058 viro
286 1006 407 1060 stridens
425 1006 476 1060 alis
494 1006 607 1074 adlapsa
625 1006 727 1074 sagitta
744 1009 794 1071 est,

115 1079 263 1148 Incertum,
283 1098 337 1149 qua
354 1082 433 1150 pulsa
450 1099 540 1150 manu,
559 1099 613 1150 quo
631 1081 741 1135 turbine
760 1081 864 1147 adacta,
933 1095 969 1133 330

115 1156 181 1220 Quis
199 1161 304 1210 tantam
323 1157 433 1212 Rutulis
451 1158 568 1225 laudem,
587 1175 700 1212 casusne
719 1157 828 1222 deusne,

118 1233 271 1297 attulerit;
288 1250 383 1302 pressa
401 1239 444 1288 cst
463 1235 577 1302 insignis
595 1235 680 1302 gloria
698 1234 769 1300 faeti,

115 1308 140 1359 N
143 1325 174 1362 ec
192 1325 252 1361 sese
271 1311 382 1363 Aeneae
400 1311 512 1363 iactavit
530 1311 639 1363 volnere
658 1311 810 1379 quisquam.

115 1383 228 1444 Tamus,
246 1388 279 1438 ut
298 1388 411 1439 Aenean
430 1387 572 1439 cedentem
593 1403 626 1438 ex
644 1386 751 1453 agmine
770 1387 840 1440 vidit

115 1460 304 1530 'turbatosque
323 1462 412 1530 duces,
432 1461 523 1516 subita
537 1479 585 1530 spo
603 1461 724 1514 fervidus
742 1462 838 1527 ardet3
930 1478 968 1517 aas

116 1537 207 1591 Poscit
225 1555 309 1606 equos
327 1542 410 1608 atque
429 1555 505 1591 arma
524 1538 610 1606 simul,
630 1538 757 1606 saltuque
776 1539 908 1607 superbus

116 1614 221 1668 Emicat
238 1615 266 1667 in
284 1632 400 1681 eurrunr,
419 1620 447 1670 et
465 1615 590 1668 manibus
608 1615 718 1667 molitur
736 1615 861 1668 habenas.

116 1691 205 1745 Multa
223 1691 310 1744 virum
330 1692 446 1745 volitans
465 1693 514 1744 dat
532 1692 614 1744 fortia
631 1707 745 1758 corpora
763 1691 836 1754 leto;

116 1768 262 1821 seminecis
281 1767 365 1821 volvit
382 1769 490 1834 multos,
509 1772 558 1821 aut
575 1768 684 1835 agmina
702 1783 782 1820 curru

117 1843 243 1908 Protcrit,
261 1848 309 1897 aut
327 1849 420 1912 mptas
438 1844 606 1911 fugientibus
624 1843 725 1911 ingerit
743 1842 843 1896 hastas.
930 1859 967 1896 300

117 1920 209 1984 Qualis
227 1921 300 1988 apud
318 1921 403 1988 gelidi
421 1938 482 1973 cum
501 1921 613 1973 flumina
630 1919 750 1972 concitus
770 1918 857 1971 Hebri

116 1995 284 2063 Saugulneus
303 1997 412 2048 Mavors
430 1997 517 2064 clipeo
535 1997 665 2064 increpat,
685 1999 767 2064 atque
785 1995 900 2048 furentis

117 2072 193 2124 Bella
211 2088 323 2124 movens
340 2072 457 2125 inmittit
475 2089 577 2140 equos;
595 2071 635 2124 illi
653 2087 771 2140 aequore
790 2075 885 2139 aperto

119 2150 193 2201 Ante
211 2148 233 2200 N
238 2152 298 2201 otos
317 2149 525 2217 Zephyrumque
543 2149 650 2212 volant3
668 2148 754 2216 gemit
772 2147 868 2200 ultima
885 2148 966 2214 pulsu

116 2223 221 2278 Thraca
232 2225 333 2292 pedum
346 2247 352 2290 ;
370 2227 526 2295 circumque
539 2229 615 2278 atrae
630 2224 793 2278 Formidinis
806 2241 859 2290 ora,
930 2237 966 2276 aas

119 2301 241 2369 Iraeque,
261 2302 444 2371 Insidiaeque,
463 2301 508 2354 dei
526 2301 678 2367 comitatus,
697 2305 829 2368 aguntur:

116 2377 187 2431 Talis
205 2395 289 2446 equos
308 2379 396 2430 alacer
413 2378 505 2430 media
522 2378 595 2430 inter
612 2377 713 2446 proelia
733 2377 839 2430 Turnus

119 2453 258 2506 humantis
277 2454 377 2506 sudore
396 2454 494 2522 quatit,
512 2453 666 2506 miserabile
685 2453 769 2506 caesis

119 2530 250 2582 Hostibus
268 2529 421 2593 insultans;
440 2529 546 2597 spargit
563 2528 660 2596 rapida
678 2528 779 2596 ungula
796 2545 872 2582 rores

117 2605 290 2672 Sanguineas,
308 2604 450 2672 mixtaque
468 2620 547 2657 cruor
565 2604 684 2656 calcatur
702 2621 792 2657 arena.
929 2621 966 2658 aso

118 2681 232 2748 Iamque
249 2681 309 2734 neci
328 2680 544 2749 Sthenelumque
569 2679 647 2733 dedit
666 2680 875 2750 ThamyrImquo
895 2681 964 2734 Pho

184 2756 307 2825 lumqua,

118 2833 199 2887 Hunc
211 2850 371 2900 congressus
383 2838 413 2887 ot
424 2835 503 2902 hunc,
516 2834 592 2886 illum
606 2834 725 2899 eminus;
739 2835 844 2888 eminus
856 2833 935 2887 ambo

119 2908 294 2973 Imbrasidas,
308 2911 440 2964 Glaucum
453 2914 537 2978 atque
551 2910 652 2977 Laden,
666 2925 734 2977 quos
748 2909 887 2963 Imbrasus
906 2909 964 2976 ipso

119 2985 260 3038 Nutrierat
278 2986 367 3055 Lycia,
386 2987 552 3055 paribusquo
571 2991 716 3040 ornaverat
734 2987 823 3052 armis

120 3061 169 3115 Vel
182 3063 306 3117 conferre
318 3081 436 3132 manum,
450 3064 492 3117 rol
506 3079 576 3132 equo
588 3067 764 3132 praevertere
777 3067 880 3116 ventos.
927 3075 964 3114 303

119 3138 201 3192 Parte
218 3138 272 3193 alia
289 3141 381 3194 medIa
399 3139 536 3195 Eumedes
553 3141 581 3193 in
598 3140 702 3210 proelia
719 3139 814 3206 fertur,

120 3214 235 3282 Antiqui
253 3216 343 3284 proles
359 3216 432 3271 bello
449 3216 589 3286 praeclara
606 3215 726 3283 Dolonis,
