2268 3570
404 163 591 212 AENEIDOS
609 165 676 212 LlB.
697 165 760 213 XII.
956 167 1003 214 323

153 245 270 298 Nomine
288 259 368 296 avum
387 243 513 309 referens,
539 243 628 296 animo
651 244 829 310 manibusque
853 249 1001 312 parentem,

153 322 205 386 Qui
224 320 368 390 quondam,
388 323 478 372 eastra
496 324 528 372 ut
547 319 671 372 Danaum
690 321 841 388 speculator
859 320 955 386 adiret,

145 400 245 451 Ausus
265 397 376 449 Pelidae
393 397 512 465 pretium
532 396 584 448 sibi
603 413 714 465 poscere
732 411 845 455 currus;
967 411 1002 449 aso

153 475 233 527 Illum
253 472 370 542 Tydides
390 472 442 525 olio
460 491 509 542 pro
528 472 629 525 talibus
648 473 721 526 ausis

152 550 264 604 Adfecit
282 551 377 619 pretia,
397 565 447 603 uec
465 551 542 618 equis
561 550 683 617 adspirat
701 549 823 604 Achillis.

152 626 233 680 Hunc
251 627 344 695 procul
362 630 393 678 ut
412 643 506 694 eampo
526 626 632 678 Turnus
650 626 790 694 prospexit
808 629 910 693 aperto,

152 705 225 756 Anto
244 703 296 756 lcvi
315 702 402 756 iaculo
421 702 531 770 longum
550 718 598 769 per
617 701 696 754 inane
717 705 832 767 secutus,

150 779 230 832 Sistit
249 796 333 847 equos
351 778 450 845 biiugis
470 781 498 830 ot
517 793 599 830 curru
617 777 716 842 desilit,
736 781 818 845 atque
967 793 1003 831 313

151 855 306 908 Semianimi
326 855 455 923 lapsoque
475 854 639 921 supervenit,
658 857 687 908 et
705 853 776 921 pedo
794 853 862 906 collo

152 932 285 1000 lnpresso,
306 931 421 983 dextrae
440 947 595 982 mueronem
615 932 761 998 extorquet
780 933 808 982 et
825 929 881 982 alto

150 1007 313 1075 Fulgentem
331 1006 432 1074 tinguit
450 1006 551 1074 iugulo,
571 1010 656 1074 atquc
675 1005 740 1059 haee
759 1006 870 1073 insuper
888 1005 984 1058 addit:

150 1083 199 1150 lln,
218 1100 305 1152 agros,
323 1087 359 1150 et,
379 1099 461 1152 quam
479 1081 559 1149 bello,
578 1082 700 1150 Troiane,
718 1081 820 1150 petisti,

150 1160 314 1230 Hesperiam
327 1160 426 1213 metire
438 1160 528 1212 iacens
540 1177 545 1210 :
558 1158 625 1210 haec
637 1158 767 1226 praemia,
780 1158 827 1226 qui
839 1174 883 1210 me
965 1170 1001 1209 seo

150 1235 235 1290 Ferro
254 1237 312 1290 ausi
330 1239 475 1304 temptare,
494 1235 604 1300 ferunt3
621 1235 659 1286 sie
677 1234 784 1287 moenia
802 1233 931 1288 condunt.

150 1312 222 1366 Huic
240 1313 367 1366 comitem
388 1312 511 1380 Asbyten
530 1311 652 1364 coniecta
670 1310 782 1378 cuspide
802 1311 897 1380 mittit,

150 1389 319 1458 Chloreaque
338 1389 516 1457 Sybarimque
535 1387 693 1454 Daretaque
712 1386 971 1456 Thersilochumque

150 1465 186 1518 llt
204 1465 337 1519 sternacis
356 1464 418 1533 equi
438 1463 544 1532 lapsum
563 1463 667 1517 cervice
687 1463 860 1531 Thymoeten.

150 1541 191 1595 Ao
209 1541 283 1595 velut
303 1541 391 1594 Ildoni
411 1541 516 1593 Boreae
535 1556 596 1594 eum
615 1539 729 1608 spiritus
747 1539 802 1592 alto
964 1555 1000 1594 aas

149 1617 262 1670 insonat
281 1618 401 1684 Aegaeo,
420 1615 599 1684 sequiturque
617 1614 653 1667 ad
671 1614 752 1668 litora
770 1613 888 1679 fiuctus;

148 1693 207 1758 Qua
225 1692 299 1746 venti
317 1692 473 1758 incubuere,
492 1691 585 1759 fugam
603 1691 671 1744 dant
689 1690 782 1744 nubila
799 1690 888 1754 caelo;

148 1769 191 1823 Sic
210 1770 307 1838 Turno,
327 1785 496 1838 quacumque
515 1768 586 1820 viam
605 1770 685 1834 secat,
704 1767 812 1834 agmina
829 1765 931 1819 cedunt

147 1845 354 1913 Conversaeque
372 1848 456 1897 ruunt
474 1845 562 1908 aeles3
580 1843 634 1896 fert
653 1844 773 1912 impetus
791 1842 888 1910 ipsum,

147 1921 183 1974 Et
201 1921 311 1974 cristam
330 1920 445 1973 adverso
464 1937 546 1972 curru
565 1917 656 1986 quatit
674 1935 740 1972 aura
759 1918 902 1972 volantem.
963 1933 998 1973 aro

147 1997 172 2050 N
174 2014 209 2050 on
227 1997 292 2050 tulit
309 1996 458 2049 instantem
479 1995 603 2063 Phegeus
622 1994 774 2063 animisque
793 1993 975 2059 frementem

147 2071 254 2126 Obieeit
273 2089 332 2125 sese
351 2072 386 2124 ad
405 2089 521 2138 currum,
541 2075 569 2124 et
588 2071 742 2139 spumantia
759 2069 843 2124 frenis

147 2147 202 2202 Ora
220 2149 366 2202 citatorum
385 2148 484 2200 dextra
502 2147 619 2200 detorsit
638 2163 780 2214 equorum.

147 2223 219 2277 Dum
237 2225 357 2278 trahitur
375 2224 533 2292 pendetque
552 2223 630 2290 iugis,
650 2222 721 2276 huno
739 2221 796 2274 lata
812 2224 947 2276 retectum

148 2301 253 2354 Lancea
270 2302 453 2368 consequitur,
472 2301 630 2367 rumpitque
649 2298 733 2350 infixa
750 2297 858 2351 bilicem
961 2312 997 2353 371

148 2377 276 2444 Loricam,
296 2381 324 2430 et
343 2391 478 2429 summum
496 2375 625 2442 degustat
644 2373 752 2427 volnere
771 2389 876 2442 corpus.

148 2453 197 2506 llle
215 2456 307 2506 tamen
324 2452 410 2520 clipeo
429 2451 536 2504 obiecto
555 2467 700 2504 conversus
717 2450 746 2503 in
763 2450 870 2503 hostem

148 2529 216 2595 Ibat,
234 2533 263 2582 et
281 2528 412 2581 auxilium
431 2528 513 2580 ducto
531 2543 659 2580 mucrone
677 2526 809 2595 petebat3

147 2605 214 2658 Cum
232 2608 294 2658 rota
311 2603 490 2674 praecipitem
509 2607 538 2656 et
556 2620 688 2672 procursu
706 2603 829 2656 concitus
846 2603 907 2656 axis

147 2681 250 2750 Inpulit
269 2680 438 2748 effunditque
457 2679 521 2744 solo,
541 2679 701 2746 Turnusque
720 2681 830 2732 secutus
961 2692 997 2732 aso
1099 2712 1109 2726 .

147 2759 233 2810 lmam
251 2757 324 2810 iuter
341 2756 446 2823 galeam
466 2755 564 2808 summi
582 2754 701 2807 thoracis
720 2756 749 2806 et
767 2771 828 2807 oras

146 2833 269 2886 Abstulit
287 2848 352 2885 ense
371 2834 460 2899 eaput,
479 2833 661 2898 truncumque
680 2829 792 2898 reliquit
809 2846 914 2882 arenae.

179 2912 273 2978 Atque
292 2925 324 2962 ea
343 2907 408 2960 dum
427 2906 529 2974 campis
547 2906 635 2960 victor
653 2905 701 2959 dat
720 2906 817 2958 funera
836 2903 948 2969 Turnus,

146 2986 256 3040 Interea
275 2987 388 3038 Aenean
407 2982 569 3036 Mnestheus
587 2985 616 3036 et
634 2981 705 3035 lidus
725 2981 847 3034 Achates

146 3062 333 3130 Ascaniusque
351 3075 441 3113 eomes
459 3059 556 3112 castris
574 3061 696 3112 statuero
714 3059 865 3122 cruentum,
960 3071 996 3110 ass

145 3138 274 3192 Alternos
292 3137 373 3205 longa
390 3136 524 3189 nitentem
543 3133 656 3203 cuspide
673 3149 791 3201 gressus.

144 3214 242 3279 Saevit,
261 3217 290 3266 et
307 3213 422 3265 infracta
441 3211 560 3262 luctatur
577 3209 710 3262 arundine
730 3207 815 3262 telum
