2278 3568
123 160 171 208 152
358 162 387 209 P.
407 161 560 210 VERGILI
576 162 742 213 MARONIS

123 237 261 306 Linquens
271 239 358 294 multa
367 243 444 294 metu
456 243 629 295 cunctantem
643 247 672 297 et
684 243 770 298 multa
779 249 923 314 parantem
940 263 975 302 aas

122 314 226 370 Dicere.
266 316 422 384 Suscipiunt
437 317 563 388 famulae,
582 319 766 389 conlapsaque
782 322 907 377 membra

121 391 276 446 Marmoreo
293 393 416 446 referunt
435 393 555 448 thalamo
573 397 725 464 stratisque
743 403 886 466 reponunt.

156 470 196 523 At
214 470 275 538 pius
294 471 410 536 Aeneas,
429 486 595 540 quamquam
613 472 700 526 lenire
718 473 857 529 dolentem

120 545 238 598 Solando
256 546 331 614 eupit
349 550 378 598 et
396 546 477 599 dietis
495 551 619 602 avertere
636 565 721 613 curas

120 621 209 676 Multa
219 639 332 690 gemens
345 638 498 691 magnoque
510 624 629 677 animum
642 625 793 680 labefactus
804 643 904 696 amore,
938 645 975 686 aas

121 698 199 752 Iussa
215 703 308 752 tamen
326 698 417 751 divom
436 701 602 769 exsequitur,
620 701 788 770 classemque
805 705 907 760 revisit.

119 775 187 829 Tum
205 792 270 829 vero
289 776 386 828 Teucri
402 775 565 830 incumbunt
583 780 612 830 et
629 777 710 832 litore
727 779 814 832 celsas

119 852 266 906 Deducunt
283 856 343 906 toto
361 853 444 906 navis.
480 853 567 907 Natat
584 858 667 908 uncta
684 855 783 923 carina,

119 927 338 998 Frondentisque
356 929 449 983 ferunt
466 947 556 983 remos
573 933 603 986 et
619 929 719 984 robora
737 930 811 986 silvis

119 1006 293 1075 lnfabrioata,
310 1007 391 1074 fugae
409 1006 508 1060 studio.
938 1025 973 1065 loe

118 1082 265 1151 Migrantis
283 1100 386 1151 cernas,
404 1086 519 1151 totaque
536 1101 571 1137 ex
588 1084 657 1138 urbe
674 1085 786 1138 ruentis.

118 1161 161 1213 Ac
178 1160 253 1213 velut
270 1160 408 1228 ingentem
425 1159 553 1214 formicae
570 1160 649 1213 larris
667 1177 793 1214 acervum

118 1235 186 1290 Oum
203 1236 343 1304 populant,
361 1235 457 1288 hiemis
475 1251 617 1299 memores,
636 1240 765 1304 tectoque
783 1242 937 1304 reponunt;

118 1312 147 1366 It
164 1312 272 1379 nigrum
291 1311 393 1380 campis
411 1327 515 1378 agmen,
534 1311 721 1380 praedamque
737 1329 788 1380 per
801 1312 903 1368 herbas

118 1387 286 1442 Convectant
303 1387 371 1440 calle
388 1389 519 1454 angusto;
538 1403 602 1455 pars
618 1388 734 1454 grandia
752 1388 868 1443 trudunt
935 1406 970 1445 sea

117 1461 241 1518 Obnixae
259 1464 397 1517 frumenta
413 1462 549 1528 humerivs3
569 1479 632 1532 pars
650 1463 759 1531 agmina
776 1469 877 1532 cogunt

118 1540 314 1610 (instigantque
332 1555 436 1604 moras,
458 1555 540 1607 opere
558 1540 645 1593 omnis
663 1540 761 1594 semita
778 1541 874 1596 fervet.

118 1618 185 1683 Quis
202 1617 254 1671 tibi
271 1621 339 1684 tum,
358 1615 438 1683 Dido,
455 1617 578 1670 cernenti
596 1616 663 1669 talia
680 1633 783 1684 seusus,
934 1681 936 1685 ,

118 1693 224 1758 Quosve
242 1692 327 1746 dabas
344 1693 472 1760 gemitus,
490 1709 551 1745 cum
569 1693 651 1746 litora
668 1693 774 1748 fervere
792 1694 848 1748 late

118 1769 290 1839 Prospiceres
308 1785 370 1823 aree
387 1785 422 1822 ex
440 1785 552 1831 summa,
570 1772 715 1837 totumque
732 1770 841 1824 videres
932 1785 968 1826 uo

117 1847 226 1901 Misceri
244 1850 308 1900 ante
326 1845 417 1899 oeulos
434 1845 520 1899 tantis
537 1845 700 1898 elamoribus
717 1849 837 1914 aequori

118 1922 236 1992 Inprobe
254 1939 336 1990 amor,
354 1921 421 1989 quid
439 1937 491 1974 non
509 1921 635 1975 mortalia
651 1925 764 1989 pectora
781 1923 871 1990 cogisl

117 2000 163 2053 Ire
181 2000 281 2053 iterum
299 1998 327 2050 in
344 1998 476 2064 lacrimas,
493 1997 593 2051 iteruur
612 2001 750 2065 temptare
766 1998 905 2066 premndo

117 2075 236 2144 Cogitur,
255 2079 284 2128 et
302 2074 416 2143 supplex
435 2075 539 2128 animos
558 2074 721 2128 submittere
738 2075 832 2143 amori,

117 2152 159 2205 Ne
177 2150 244 2220 quid
261 2151 433 2219 inexpertum
452 2150 554 2204 furstra
572 2151 705 2204 moritura
722 2150 866 2221 relinquat.
931 2167 967 2206 415

151 2229 239 2296 Anna,
256 2227 333 2281 vides
351 2231 411 2281 toto
428 2228 570 2296 properari
588 2226 685 2282 litorei
722 2227 830 2282 circum

118 2303 245 2372 Undique
264 2320 426 2369 convenere;
445 2308 525 2357 vocat
542 2304 596 2357 iam
615 2303 743 2359 carbasus
762 2321 849 2372 auras,

116 2380 257 2448 Puppibus
275 2385 304 2433 et
321 2381 387 2434 laeti
404 2384 504 2433 nautae
521 2381 666 2447 inposuere
684 2395 803 2434 coronas.

117 2452 198 2510 Hune
216 2473 267 2523 ego
285 2457 307 2509 si
325 2456 402 2524 potui
420 2459 526 2508 tantum
547 2472 656 2522 sperare
675 2455 805 2521 dolorem,
1025 2508 1028 2514 ,

117 2532 152 2586 llt
164 2533 294 2601 perferre,
306 2549 389 2598 soror,
402 2535 505 2600 potero.
536 2530 654 2584 Miserae
666 2531 716 2584 hoc
728 2535 821 2584 tanren
832 2547 917 2584 unum
930 2544 966 2584 sm

117 2609 280 2678 Exsequcre,
300 2611 387 2674 Anna,
405 2607 486 2673 mihi;
508 2607 592 2660 solam
610 2624 673 2660 nam
691 2607 814 2674 pertidus
831 2607 878 2660 ille

117 2682 154 2738 Te
170 2685 266 2752 colere,
284 2701 396 2738 arcanos
414 2683 496 2738 etiam
514 2683 566 2736 tibi
584 2682 697 2736 eredere
715 2699 824 2748 sensus;

116 2761 178 2816 Sola
195 2761 246 2814 viri
264 2761 353 2814 mollis
370 2761 462 2814 aditus
479 2764 508 2813 ct
526 2763 650 2828 tempora
667 2775 760 2812 noras:

117 2838 139 2902 I,
158 2855 240 2904 seror,
260 2842 344 2906 atque
361 2837 468 2891 hostem
487 2836 601 2904 supplex
619 2836 712 2890 adfare
731 2836 891 2904 superbum:

117 2915 177 2968 Non
196 2931 247 2982 ego
265 2931 326 2967 cum
345 2913 447 2967 Danais
465 2913 607 2966 Troianam
625 2912 785 2966 exscindere
799 2916 911 2980 gentem
929 2925 964 2965 42⁸

117 2991 219 3045 Aulide
236 2991 330 3058 iuravi,
347 2990 495 3045 classemve
512 2989 548 3042 ad
567 2989 700 3057 Pergama
716 2988 786 3054 misi,

116 3067 141 3122 N
144 3085 174 3122 ec
191 3069 277 3137 patris
296 3067 433 3120 Anchisae
451 3067 569 3120 cinerem
588 3066 711 3120 Manisve
729 3063 836 3118 revelli:

116 3145 172 3200 Gur
189 3161 251 3198 mea
268 3145 344 3198 dieto.
360 3147 443 3212 negat
461 3143 544 3196 duras
561 3141 708 3197 demittere
725 3142 754 3194 in
771 3140 862 3194 aurici

118 3219 176 3284 Quo
188 3221 259 3274 ruitl
279 3223 432 3274 extremum
445 3219 496 3272 hoc
507 3218 622 3272 miserae
634 3218 683 3272 det
695 3232 793 3270 munus
804 3215 923 3270 amanti:
