2290 3568
403 155 586 220 aasumes
609 171 678 220 nm.
703 173 769 220 yn.
963 177 1010 222 ms

157 251 220 305 Non
238 253 328 321 patrio
346 269 381 306 ex
399 252 481 320 adyto
500 256 595 317 sortes,
612 270 666 306 nen
684 253 802 323 plurima
819 254 894 307 eaelo

156 327 282 396 Menstra
299 329 405 393 sinunt;
423 345 538 396 generos
556 331 678 383 externis
696 330 791 384 adfore
809 331 844 383 ab
862 332 923 398 oris,
965 336 1009 387 'are

158 404 219 457 Hoc
238 405 316 457 Latio
334 409 438 458 restare
457 411 563 471 canunt,
582 407 635 474 qui
648 409 779 475 sanguiue
797 412 921 460 nestrum

157 479 264 533 Nomen
281 481 309 532 in
327 486 402 534 astra
420 482 515 536 ferent.
554 483 635 536 Hune
652 485 729 537 illum
747 501 859 553 poscere
877 484 934 538 fata

157 555 193 609 Itt
210 573 279 622 reor,
298 562 334 621 et,
353 559 374 610 si
393 559 459 626 quid
478 560 535 612 veri
553 577 630 614 mens
648 569 772 629 augurat,
791 567 862 630 epte.

157 631 235 686 Haee
252 633 350 688 effatus
368 652 452 702 eques
470 653 582 690 numere
600 641 680 705 puter
699 639 778 707 eligit
796 639 874 692 omni.

156 707 271 762 Stabant
289 714 333 763 ter
351 716 459 768 eentum
479 712 559 766 nitidi
577 713 606 765 in
625 716 802 784 praesepibus
821 716 890 768 altis.
974 733 1008 772 275

156 781 289 838 Omnibus
306 788 444 856 extemplo
463 789 574 842 Teucris
592 791 669 843 iubet
687 793 782 845 ordine
800 793 863 845 duci

157 860 292 915 Instratos
310 867 385 917 estre
403 865 525 932 alipedes
544 866 678 934 pictisque
698 870 812 935 tapetis;

156 936 250 990 Aurea
267 939 424 1006 pectoribus
443 941 560 994 demissa
579 943 687 996 monilia
706 945 841 1010 pendent;

156 1013 231 1067 Tecti
249 1031 323 1081 aure,
340 1015 443 1070 fulvum
461 1018 595 1071 mandunt
613 1019 663 1072 sub
682 1020 810 1076 dentibus
828 1041 938 1088 aurum3

157 1089 275 1144 Absenti
296 1093 405 1148 Aeneae
423 1110 532 1146 currum
550 1096 729 1165 geminosque
747 1098 844 1166 iugalis
971 1115 1007 1154 ass

155 1166 263 1220 Semina
281 1166 316 1219 ab
334 1169 462 1236 aetherio,
481 1171 610 1239 spirantis
629 1173 739 1228 naribus
757 1175 854 1244 ignem,

156 1242 268 1295 Illarum
287 1242 429 1311 degente,
448 1247 519 1314 patri
537 1265 604 1316 ques
624 1249 738 1304 daedala
758 1253 834 1306 Uiree

155 1317 300 1386 Supposita
318 1319 353 1376 de
371 1325 459 1374 matre
478 1324 575 1377 nothus
594 1325 685 1379 furata
703 1329 813 1383 crearit.

155 1386 264 1448 Talibus
285 1397 432 1454 Aeneadae
451 1399 529 1453 denis
548 1401 685 1470 dictisque
705 1405 796 1458 Latini

155 1468 290 1524 Sublimes
308 1473 336 1528 in
355 1475 432 1541 equis
450 1477 575 1544 redeunt,
595 1496 745 1549 pacemque
763 1487 856 1550 repert
894 1488 912 1538 t.
971 1501 1006 1540 285

189 1547 259 1600 Eece
277 1552 369 1616 autem
390 1550 507 1604 inachiis
527 1571 586 1607 sese
604 1556 742 1610 referebat
760 1558 795 1611 ab
815 1561 898 1627 Argis

155 1621 241 1675 Saeva
261 1623 332 1676 [evis
351 1627 474 1694 caninus,
493 1645 628 1698 aurasque
647 1632 755 1686 invecta
773 1635 894 1703 tenebat,
913 1635 914 1639 ’

78 1735 80 1741 .
155 1698 192 1752 Et
208 1699 310 1752 laetum
331 1703 442 1756 Aenean
463 1704 631 1774 classemque
650 1724 684 1760 ex
702 1710 815 1763 aethere
833 1710 912 1779 lenge

155 1772 321 1830 Dardaniam
340 1777 429 1832 Siculo
448 1782 588 1848 prespexit
607 1783 746 1852 abusque
768 1786 897 1851 Pachyno.

154 1851 245 1906 Moliri
263 1853 316 1905 iam
336 1858 411 1908 tecta
430 1857 511 1921 videt,
530 1858 584 1911 iam
603 1859 689 1914 fidere
709 1869 804 1928 terrae,
971 1883 1006 1922 aee

154 1925 313 1982 Deseruisse
332 1935 412 1985 rates.
450 1933 535 1988 Stetit
553 1936 608 1988 acri
626 1937 681 1991 fixa
700 1940 798 1994 delere.

155 2003 222 2061 Tum
240 2023 371 2074 quassans
389 2014 470 2077 caput
488 2011 554 2065 haee
573 2013 688 2068 effundit
705 2022 816 2083 pectore
835 2021 921 2076 dicta:

155 2079 219 2135 Heu
237 2083 350 2150 stirpem
369 2087 490 2145 invisam,
511 2092 539 2141 et
557 2091 620 2143 fatis
638 2095 774 2147 eerrtraria
792 2099 890 2150 nestris

155 2155 224 2209 Fata
244 2157 395 2225 Phrygum!
416 2178 480 2214 num
500 2164 588 2230 Sigeis
607 2168 767 2222 «recumbere
786 2174 893 2240 eanrpis,

134 2285 135 2288 ,
154 2231 227 2284 Num
246 2235 317 2301 eapti
337 2239 452 2302 patuere
471 2239 545 2306 capii
563 2257 627 2292 num
646 2242 753 2296 incensa
771 2249 899 2302 cremavit
970 2265 1006 2304 ass

154 2307 234 2360 Troia
255 2311 341 2363 virosi
360 2312 464 2365 medias
482 2315 552 2368 acies
570 2317 729 2385 mediosque
747 2337 797 2388 per
814 2323 883 2390 ignis

155 2384 288 2438 Invenere
307 2387 385 2440 viam.
422 2391 470 2456 At,
488 2391 577 2459 eredo,
596 2409 656 2446 mea
674 2398 784 2452 numina
801 2401 912 2457 tandem

154 2459 238 2513 Fessa
256 2462 353 2530 iacent,
373 2465 443 2518 ediis
461 2471 509 2520 aut
528 2472 685 2524 exsaturata
704 2474 830 2540 quievi-

154 2536 225 2599 Quin
244 2540 325 2592 etiam
345 2543 434 2608 patria
452 2561 579 2599 exeussus
598 2546 697 2602 infeste
715 2567 763 2618 per
781 2553 868 2607 undas

155 2613 231 2666 Ausa
249 2617 333 2683 sequi,
353 2621 382 2671 et
401 2621 521 2688 profugis
540 2625 598 2675 toto
617 2640 661 2677 me
679 2643 815 2696 oppenere
833 2637 922 2698 ponte.
969 2648 1005 2686 300

154 2688 325 2760 Absumptae
343 2694 370 2747 in
390 2696 506 2751 Teucros
525 2699 594 2752 vires
613 2701 734 2771 caelique
753 2707 896 2778 marisque.

154 2766 227 2830 Quid
245 2768 345 2835 Syrtes,
365 2776 412 2827 aut
431 2774 519 2842 Scylla
536 2777 611 2843 mihi,
630 2779 697 2846 quid
715 2786 792 2836 vasta
811 2784 962 2854 Charybdis

155 2839 279 2896 Profuit?
298 2851 391 2912 optate
410 2851 563 2906 conduntur
582 2854 725 2922 Thybridis
743 2859 826 2927 alveo,
872 2876 875 2883 ·

154 2915 247 2970 Securi
268 2921 355 2988 pelugi
374 2927 457 2992 atque
476 2929 535 2982 mei.
573 2929 647 2984 Mars
666 2935 782 3000 perdere
800 2941 910 3004 gentem

155 2993 296 3050 Inmanem
317 2997 463 3066 Lapithum
481 3004 580 3068 valuit;
598 3011 729 3063 concessit
747 3011 775 3063 in
793 3014 847 3068 iras
968 3033 1004 3071 ees

155 3068 219 3136 Ipse
237 3070 319 3128 deum
337 3076 476 3144 antiquam
494 3081 602 3146 genitor
621 3084 757 3153 Calydona
776 3089 892 3157 Dianam

155 3145 234 3212 Quod
253 3149 404 3282 §Teluslm
429 3153 559 3222 Lapithas
582 3161 694 3223 mutum,
718 3168 765 3218 aut
788 3165 926 3235 Calydona
947 3186 1003 3226 rue

224 3237 272 3278 ren
287 3241 330 3284 ent
