2266 3562
44 175 47 184 ’
126 166 156 212 34
353 163 384 212 Ρ.
401 161 555 212 VERGILI
573 162 740 210 Marionis

124 242 162 296 Et
180 242 237 295 solo
254 243 282 295 iu
301 243 370 296 sicea
388 258 479 295 secum
497 242 634 310 spatiatur
652 257 740 295 arena.

124 321 167 374 Ne
184 323 318 374 nocturna
336 319 446 388 quidem
465 323 609 387 carpentes
628 335 711 388 pensa
730 318 836 392 puellae
948 335 986 375 aec

124 397 269 450 Nescivere
290 397 415 462 hiemem,
435 399 508 449 testa
528 413 589 459 eum
610 395 725 448 ardente
744 395 868 452 riderent

123 474 275 528 Scintillere
295 473 383 526 oleum
404 476 432 526 et
450 473 538 542 putris
558 489 733 526 concrescere
750 472 854 540 fmrgos.

157 552 215 604 Nec
234 551 321 604 minus
341 565 375 602 ex
395 549 476 602 imbri
496 550 566 603 soles
586 553 615 603 01
633 553 730 618 aperta
748 567 844 604 serena

124 628 281 697 Prospicere
302 631 331 680 ct
349 627 432 680 certis
452 628 556 696 poteris
575 643 737 694 cognoscere
755 627 850 694 signis:

124 706 193 760 Nam
212 722 301 773 neque
319 707 379 758 tum
398 704 484 757 stellis
502 705 573 757 acies
592 702 708 757 obtunsa
726 703 841 770 videtur,
947 722 981 762 aas

124 782 181 836 Neo
198 782 291 835 fratris
310 781 394 834 radiis
412 780 528 834 obnoxia
546 797 658 848 surgere
677 779 761 845 Luna,

123 859 223 912 Tenuis
243 875 292 911 nec
310 857 389 911 lanae
407 873 456 926 per
475 857 579 910 caelum
597 857 699 911 vellera
718 857 797 920 ferri3

124 934 183 988 Non
203 934 327 1003 tepidum
347 934 382 987 ad
401 934 486 988 solcm
504 949 608 1002 pennas
625 934 652 986 in
672 933 752 987 litore
770 933 893 1001 pandunt

123 1011 244 1065 Dilectae
265 1011 372 1064 Thetidi
391 1011 523 1078 alcyones,
542 1027 595 1064 nen
613 1027 661 1063 ore
680 1011 781 1064 solutos

123 1087 250 1140 Inmundi
269 1088 416 1140 meminere
436 1104 498 1140 sues
516 1087 618 1140 iactare
636 1086 775 1155 maniplos.
945 1102 981 1139 sm

123 1167 162 1216 At
180 1164 295 1216 nebulae
314 1165 400 1231 magis
419 1165 472 1218 irna
489 1167 590 1233 petunt
608 1180 757 1232 campoque
775 1163 944 1230 recumbunt,

122 1239 190 1293 Solis
208 1244 237 1294 et
256 1257 378 1293 oceasum
399 1257 509 1294 servans
528 1239 563 1293 dc
581 1241 696 1293 culmine
714 1255 818 1292 summo

122 1316 294 1386 Nequiquam
316 1333 389 1369 seres
409 1321 520 1370 exercet
539 1321 638 1369 noctua
656 1321 757 1369 cantus

125 1391 247 1461 Adparet
266 1391 370 1460 liquido
391 1391 511 1445 sublimis
530 1393 557 1446 in
576 1410 639 1446 acre
659 1392 748 1457 Nisus,
937 1451 940 1458 ¹

122 1469 157 1520 lit
175 1485 224 1536 pro
244 1485 382 1536 purpureo
401 1485 502 1537 poenas
521 1468 570 1522 dat
589 1469 678 1536 Scylla
696 1466 808 1535 capillo;
942 1482 979 1522 tos

121 1545 296 1613 Quacumque
316 1543 361 1597 illa
379 1544 466 1596 levem
485 1545 593 1611 fugiens
613 1551 687 1598 secat
705 1542 816 1596 aethera
831 1543 936 1612 pennis,

122 1621 189 1674 Ecce
207 1621 337 1686 inimicus,
357 1625 444 1687 atrox,
462 1637 560 1689 magne
580 1621 698 1674 stridore
716 1636 766 1688 per
783 1636 863 1672 auras

121 1696 279 1766 Insequitur
299 1696 398 1762 Nisus;
423 1714 524 1767 quase
543 1697 598 1750 fert
617 1697 700 1750 llisns
718 1696 754 1749 ed
773 1712 860 1762 auras,

121 1773 171 1826 llla
188 1774 274 1827 levem
295 1774 401 1840 fugiens
420 1775 519 1841 raptim
539 1777 614 1826 secat
632 1772 746 1826 aethera
763 1771 866 1841 pennis.

119 1849 184 1902 Tum
204 1849 321 1918 liquidas
341 1851 414 1903 corsi
433 1866 527 1917 presso
546 1852 590 1902 ter
607 1853 720 1916 gutture
738 1865 817 1901 uoces
940 1863 977 1901 ne

120 1927 177 1979 lint
196 1931 294 1993 quater
313 1925 488 1992 ingeminant,
508 1930 536 1979 et
555 1942 636 1993 saepe
655 1925 789 1978 cubilibus
806 1923 875 1991 altis,

118 2002 144 2054 N
146 2003 216 2055 escio
235 2019 289 2069 qua
308 2007 417 2070 praeter
438 2002 546 2055 solitum
566 2001 710 2054 dulcedine
729 2001 801 2066 laeti,

120 2078 197 2131 luter
215 2095 243 2131 se
262 2078 289 2131 in
310 2079 378 2130 lelna·
398 2079 560 2147 strepitant;
585 2078 661 2130 iuvat
679 2077 811 2130 imbribus
828 2073 898 2129 actis

119 2153 279 2221 Progeniem
298 2171 408 2222 parvam
430 2154 569 2223 dulcisque
588 2155 706 2208 revisere
725 2154 817 2216 nidos;

120 2230 210 2295 Haud,
229 2230 357 2299 equidem
377 2230 467 2296 credo,
487 2232 550 2299 quia
569 2232 604 2284 sit
623 2230 750 2284 divinitus
767 2231 819 2284 illis
938 2249 975 2287 415

119 2305 262 2374 Ingenium
281 2310 328 2358 aut
347 2324 438 2360 rerum
458 2307 514 2360 fato
533 2306 681 2375 prudentia
699 2309 800 2372 maior;

119 2382 229 2448 Verum,
249 2382 295 2434 ubi
313 2386 462 2451 tempestas
482 2389 510 2437 et
528 2383 594 2436 caeli
613 2384 719 2436 mobilis
737 2383 834 2438 humor

118 2459 260 2513 Mutavere
280 2459 337 2511 vias
356 2463 384 2512 et
404 2459 530 2527 Iuppiter
548 2459 646 2512 uvidus
665 2461 764 2514 austris

118 2535 228 2601 Denset,
246 2538 325 2588 erant
345 2551 415 2604 qnae
430 2551 491 2588 rara
507 2535 595 2602 modo,
611 2538 648 2601 ct,
665 2552 734 2604 quae
751 2536 843 2604 densa,
858 2540 972 2605 relaxat,

118 2611 272 2665 Vertuntur
292 2612 395 2679 specics
413 2612 570 2678 animorum,
590 2616 619 2666 et
636 2615 749 2682 pectora
767 2619 857 2668 motus
936 2633 973 2669 420

118 2688 195 2742 Nunc
214 2689 286 2752 alios,
307 2689 380 2757 alios,
399 2689 464 2742 dum
483 2688 577 2742 nubila
596 2695 694 2744 ventus
712 2691 820 2759 agebat,

117 2765 291 2834 Concipiunt:
316 2765 376 2819 lrinc
394 2765 439 2818 ille
458 2767 547 2822 arium
567 2771 713 2821 concentus
730 2768 758 2820 in
776 2770 856 2835 agris,

119 2841 153 2894 Et
170 2841 257 2894 lactare
276 2841 402 2911 pecudes,
421 2847 450 2898 et
468 2848 581 2899 ovantes
599 2849 712 2911 gutture
731 2846 810 2898 cerri.

151 2918 179 2970 Si
198 2935 262 2970 rere
281 2919 366 2972 solcrn
385 2920 421 2974 ad
439 2920 564 2990 rapidum
582 2920 715 2990 lunasque
733 2923 871 2989 sequcntis

116 2993 218 3048 Ordine
237 2997 372 3064 respicies,
391 3015 538 3067 numquam
557 3003 587 3053 te
605 3002 722 3054 erastus
740 2999 816 3054 sallct
934 3012 970 3052 aas

119 3071 200 3139 liora,
219 3089 308 3141 neque
326 3073 428 3126 insidiis
446 3077 532 3130 noctis
551 3078 656 3144 capiere
675 3093 792 3129 serenae.

119 3145 200 3212 Luna,
219 3149 382 3202 revertentis
399 3168 461 3204 cum
479 3153 596 3218 prinnun
616 3151 717 3218 colligit
735 3152 811 3218 ignis,

116 3221 144 3276 Si
161 3224 268 3293 nigrum
287 3223 402 3276 obscuro
420 3225 612 3295 conprenderit
630 3242 695 3280 acra
712 3243 801 3294 cornu,
