2278 3568
409 125 487 174 AEN
490 125 595 174 alnos
612 126 681 176 LIB.
700 126 750 175 l'V.
958 124 1004 174 145

151 203 207 260 sed
224 205 288 258 fatis
306 203 411 259 incerta
428 205 508 272 feror,
527 205 551 259 si
571 206 700 274 Iuppiter
716 223 797 259 unam
972 220 1007 260 11⁰

151 281 218 334 Esse
235 281 303 334 velit
321 280 407 348 Tyriis
425 280 521 335 urbem
540 281 675 350 Troiaque
693 281 833 350 profectis,

152 356 295 411 Miscerivc
313 357 410 426 probet
428 358 549 426 populos,
567 362 615 412 aut
632 359 744 412 foedera
761 357 843 426 iungi.

149 432 191 486 Tu
208 434 339 498 coniunx;
356 433 406 486 tibi
425 435 465 487 fas
483 435 603 488 animum
621 438 758 503 temptare
775 433 920 503 precando.

150 509 253 577 Perge;
271 526 377 578 sequar.
415 511 483 564 'l'mn
501 511 540 564 sic
558 511 667 580 excepit
685 511 762 579 regia
780 511 863 565 Iuno:

149 584 258 638 Mecum
271 585 324 638 erit
337 585 389 639 iste
402 584 487 650 labor.
525 586 550 640 N
552 603 605 640 unc
623 604 678 656 qua
695 587 808 652 rationo,
820 587 896 657 quod
912 586 1006 650 instat,

150 661 268 715 Oonfieri
285 663 377 730 possit,
395 663 496 731 paucis,
515 663 636 730 adverte,
656 663 766 718 docebo.
971 677 1008 716 uc

150 737 288 791 Venatum
308 739 417 792 Aeneas
435 756 546 808 unaque
564 740 717 793 miserrima
736 740 807 793 Dido

150 814 183 866 In
201 831 296 868 nemus
314 815 354 868 ire
372 819 479 883 parant,
497 815 545 868 ubi
564 816 665 884 primos
683 816 818 868 crastinus
835 819 912 868 ortus

149 891 286 945 Extnlerit
305 891 386 944 Titan
404 891 546 960 radiisque
564 891 699 944 retexerit
716 890 818 944 orbern.

149 968 203 1021 His
221 985 272 1035 ego
290 968 444 1035 nigrantem
463 968 611 1021 commixta
628 967 761 1036 grandine
779 968 908 1032 nimbum,
976 983 1007 1024 uu

149 1044 222 1098 Dum
241 1045 383 1113 trepidant
401 1044 467 1112 alae,
486 1045 627 1113 saltusque
645 1043 775 1112 indagine
792 1044 913 1111 cingunt,

151 1122 275 1190 Desuper
292 1121 442 1189 infundam,
461 1125 490 1175 et
508 1121 614 1174 tonitru
632 1121 737 1175 caelum
755 1137 834 1174 omne
852 1120 936 1175 ciebo.

148 1197 301 1266 Diffugient
319 1198 432 1252 comites
450 1201 479 1252 et
497 1202 576 1252 nocte
594 1201 724 1266 tegentur
742 1214 838 1266 opaca:

148 1275 311 1342 Speluncam
331 1274 402 1328 Dido
422 1274 479 1328 dux
498 1278 527 1328 et
545 1274 676 1328 Troianus
696 1274 812 1328 candem
832 1312 837 1322 .

149 1351 308 1405 Devenient.
346 1351 449 1418 Adora,
463 1361 499 1418 et,
510 1363 559 1405 tua
571 1351 594 1403 si
606 1349 673 1403 mihi
685 1354 762 1405 certa
775 1351 906 1415 veluntas,
971 1365 1007 1404 125

148 1427 289 1482 Oonnubio
307 1428 417 1496 iungam
435 1427 528 1482 stabili
545 1427 737 1496 propriamque
755 1427 858 1481 dicabo.

148 1503 203 1557 Hic
220 1504 386 1573 hymenaeus
404 1503 560 1557 erit—Non
578 1503 725 1558 adversata
742 1504 849 1572 petenti

149 1579 264 1646 Adnuit,
283 1582 367 1647 atque
386 1579 456 1632 dolis
474 1579 536 1632 risit
555 1579 691 1647 Cytherea
709 1581 833 1648 repertis.

187 1655 325 1709 Oceanum
342 1656 450 1708 interea
467 1671 581 1720 surgens
602 1658 713 1708 Aurora
730 1654 848 1724 reliquit.

150 1733 179 1787 lt
198 1733 284 1801 portis
302 1732 397 1785 iubare
416 1735 511 1784 exorto
531 1731 638 1785 delecta
656 1731 797 1797 iuventus,
971 1747 1006 1788 1³0

151 1809 233 1862 Retia
250 1825 320 1874 rara,
339 1807 445 1876 plagae,
464 1807 520 1861 lato
539 1807 673 1861 venabula
691 1808 770 1871 ferro,

149 1883 315 1954 Massylique
334 1890 419 1942 ruunt
435 1885 543 1954 equites
561 1887 591 1938 et
609 1885 693 1938 odora
711 1901 808 1938 canum
825 1884 873 1939 ris.

150 1961 283 2030 Reginam
302 1961 420 2015 thalamo
439 1965 613 2016 cunctantem
631 1961 668 2015 ad
685 1961 779 2015 limina
796 1961 877 2029 primi

150 2037 302 2092 Poenorum
321 2042 489 2106 exspectant,
509 2042 639 2106 ostroque
657 2037 771 2104 insignis
789 2041 819 2091 ct
837 2054 903 2090 auro

149 2114 211 2167 Stat
230 2115 338 2182 sonipes
356 2131 387 2167 ac
405 2115 483 2168 frena
500 2115 578 2167 ferox
597 2116 752 2181 spumantia
770 2113 884 2167 mandit.
940 2137 943 2145 ·
971 2129 1006 2167 rac

149 2189 270 2243 Tandem
289 2191 466 2259 progreditur
483 2207 581 2256 magna
600 2189 721 2257 stipante
739 2193 856 2256 caterva,

149 2265 287 2319 Sidoniam
306 2266 379 2334 picto
397 2265 567 2332 chlamydem
586 2264 754 2318 circumdata
771 2263 863 2318 limbo.
882 2273 886 2281 ‘

149 2342 200 2397 Oui
218 2342 349 2412 pharetra
367 2359 401 2396 ex
420 2357 493 2407 auro,
513 2342 601 2394 crines
619 2340 757 2394 nodantur
774 2339 803 2392 in
819 2356 923 2408 aurum,

150 2422 244 2473 Aurea
262 2436 428 2488 purpuream
446 2417 586 2472 subnectit
603 2416 688 2472 fibula
707 2420 820 2473 vestem.

151 2496 174 2548 N
177 2513 208 2550 oc
226 2513 279 2550 non
298 2503 327 2551 et
346 2495 457 2565 Phrygii
475 2495 589 2551 comites
607 2498 636 2549 et
654 2494 742 2549 laetus
762 2493 841 2566 lulus
971 2511 1008 2548 irc

151 2573 293 2627 Incedunt.
332 2573 396 2642 lpse
414 2577 479 2626 ante
498 2573 564 2628 alios
582 2571 782 2641 pulcherrimus
799 2571 885 2626 omnis

150 2648 240 2702 Infert
258 2666 287 2702 se
306 2651 405 2705 socium
426 2651 534 2704 Aeneas
553 2653 636 2718 atque
655 2647 763 2718 agmina
781 2647 877 2716 iungit.

151 2723 244 2788 Qualis
262 2725 309 2779 ubi
327 2726 469 2780 hibernam
487 2727 599 2796 Lyciam
616 2725 777 2794 Xanthique
795 2724 898 2779 fluenta

152 2800 261 2855 Deserit
279 2819 310 2854 ac
330 2803 429 2857 Dolum
447 2808 599 2857 maternam
617 2803 710 2856 invisit
731 2801 829 2870 Apollo

151 2876 347 2949 Instauratque
365 2879 468 2947 choros,
486 2881 619 2951 mixtique
639 2879 737 2933 altaria
754 2879 854 2931 circum
970 2892 1007 2931 ras

151 2953 302 3022 Cretesque
322 2955 498 3024 Dryopesque
516 2958 636 3009 fremunt
655 2956 777 3024 pictique
799 2953 959 3022 Agathyrsi;

152 3030 217 3100 lpse
234 3031 304 3098 iugis
323 3031 422 3098 Dynthi
440 3033 573 3100 graditur,
591 3033 720 3103 mollique
739 3032 868 3084 fluentum

153 3106 262 3160 Fronde
280 3108 380 3177 premit
397 3110 498 3162 crinem
516 3109 622 3176 fingens
640 3114 724 3178 atque
742 3108 855 3175 inplicat
873 3122 948 3174 aure,

151 3184 218 3238 'lcla
234 3188 331 3241 sonant
350 3185 483 3242 humeris:
500 3185 575 3240 haud
593 3185 639 3241 illo
657 3184 766 3254 segarim
782 3182 841 3238 ibat
