<?xml version="1.0" encoding="UTF-8"?>
<!DOCTYPE html PUBLIC "-//W3C//DTD XHTML 1.0 Transitional//EN"
    "http://www.w3.org/TR/xhtml1/DTD/xhtml1-transitional.dtd">
<html xmlns="http://www.w3.org/1999/xhtml" xml:lang="en" lang="en">
 <head>
  <title>
</title>
<meta http-equiv="Content-Type" content="text/html;charset=utf-8" />
  <meta name='ocr-system' content='tesseract 3.04.00' />
  <meta name='ocr-capabilities' content='ocr_page ocr_carea ocr_par ocr_line ocrx_word'/>
</head>
<body>
  <div class='ocr_page' id='page_1' title='image "./operaexrecensio01virggoog_0153.png"; bbox 0 0 2278 3568; ppageno 0'>
   <div class='ocr_carea' id='block_1_1' title="bbox 367 424 835 492">
    <p class='ocr_par' dir='ltr' id='par_1_1' title="bbox 367 424 835 492">
     <span class='ocr_line' id='line_1_1' title="bbox 367 424 835 492; baseline -0.011 -16"><span class='ocrx_word' id='word_1_1' title='bbox 367 430 395 478; x_wconf 91' lang='lat' dir='ltr'>P.</span> <span class='ocrx_word' id='word_1_2' title='bbox 414 427 569 475; x_wconf 81' lang='lat' dir='ltr'><strong>VERGILI</strong></span> <span class='ocrx_word' id='word_1_3' title='bbox 587 424 753 472; x_wconf 82' lang='lat' dir='ltr'><strong>MARONIS</strong></span> <span class='ocrx_word' id='word_1_4' title='bbox 830 483 835 492; x_wconf 88' lang='lat'>.</span> 
     </span>
    </p>
   </div>
   <div class='ocr_carea' id='block_1_2' title="bbox 331 583 790 661">
    <p class='ocr_par' dir='ltr' id='par_1_2' title="bbox 331 583 790 661">
     <span class='ocr_line' id='line_1_2' title="bbox 331 583 790 661; baseline -0.009 0"><span class='ocrx_word' id='word_1_5' title='bbox 331 583 790 661; x_wconf 82' lang='lat' dir='ltr'><strong>AENEIDOS</strong></span> 
     </span>
    </p>
   </div>
   <div class='ocr_carea' id='block_1_3' title="bbox 401 771 728 834">
    <p class='ocr_par' dir='ltr' id='par_1_3' title="bbox 401 771 728 834">
     <span class='ocr_line' id='line_1_3' title="bbox 401 771 728 834; baseline -0.006 -10"><span class='ocrx_word' id='word_1_6' title='bbox 401 772 517 824; x_wconf 83' lang='lat' dir='ltr'>LIBER</span> <span class='ocrx_word' id='word_1_7' title='bbox 543 771 728 834; x_wconf 78' lang='lat' dir='ltr'>QUARTUS.</span> 
     </span>
    </p>
   </div>
   <div class='ocr_carea' id='block_1_4' title="bbox 521 932 621 960">
    <p class='ocr_par' dir='ltr' id='par_1_4' title="bbox 521 932 621 960">
     <span class='ocr_line' id='line_1_4' title="bbox 521 932 621 960; baseline -0.02 -10"><span class='ocrx_word' id='word_1_8' title='bbox 521 932 621 960; x_wconf 38' lang='lat'>4-</span> 
     </span>
    </p>
   </div>
   <div class='ocr_carea' id='block_1_5' title="bbox 125 1061 1132 3270">
    <p class='ocr_par' dir='ltr' id='par_1_5' title="bbox 141 1061 763 1127">
     <span class='ocr_line' id='line_1_5' title="bbox 141 1061 763 1127; baseline -0.006 -13"><span class='ocrx_word' id='word_1_9' title='bbox 141 1063 185 1114; x_wconf 80' lang='lat' dir='ltr'>Ar</span> <span class='ocrx_word' id='word_1_10' title='bbox 206 1063 301 1127; x_wconf 82' lang='lat' dir='ltr'>regina</span> <span class='ocrx_word' id='word_1_11' title='bbox 318 1061 395 1127; x_wconf 81' lang='lat' dir='ltr'>gravi</span> <span class='ocrx_word' id='word_1_12' title='bbox 413 1061 572 1115; x_wconf 86' lang='lat' dir='ltr'>iamdudum</span> <span class='ocrx_word' id='word_1_13' title='bbox 592 1062 682 1114; x_wconf 89' lang='lat' dir='ltr'>saucia</span> <span class='ocrx_word' id='word_1_14' title='bbox 700 1075 763 1112; x_wconf 87' lang='lat' dir='ltr'>cura</span> 
     </span>
    </p>

    <p class='ocr_par' dir='ltr' id='par_1_6' title="bbox 142 1134 774 1205">
     <span class='ocr_line' id='line_1_6' title="bbox 142 1134 774 1205; baseline -0.003 -19"><span class='ocrx_word' id='word_1_15' title='bbox 142 1136 244 1188; x_wconf 83' lang='lat' dir='ltr'>l&#39;olnus</span> <span class='ocrx_word' id='word_1_16' title='bbox 262 1135 311 1186; x_wconf 89' lang='lat' dir='ltr'>alit</span> <span class='ocrx_word' id='word_1_17' title='bbox 329 1137 408 1199; x_wconf 87' lang='lat' dir='ltr'>venis,</span> <span class='ocrx_word' id='word_1_18' title='bbox 429 1141 457 1188; x_wconf 89' lang='lat' dir='ltr'>et</span> <span class='ocrx_word' id='word_1_19' title='bbox 475 1155 554 1190; x_wconf 88' lang='lat' dir='ltr'>cacco</span> <span class='ocrx_word' id='word_1_20' title='bbox 573 1139 694 1205; x_wconf 82' lang='lat' dir='ltr'><strong>carpitur</strong></span> <span class='ocrx_word' id='word_1_21' title='bbox 713 1134 774 1200; x_wconf 76' lang='lat' dir='ltr'>igni.</span> 
     </span>
    </p>

    <p class='ocr_par' dir='ltr' id='par_1_7' title="bbox 140 1210 835 1279">
     <span class='ocr_line' id='line_1_7' title="bbox 140 1210 835 1279; baseline -0.007 -15"><span class='ocrx_word' id='word_1_22' title='bbox 140 1212 228 1264; x_wconf 86' lang='lat' dir='ltr'>Multa</span> <span class='ocrx_word' id='word_1_23' title='bbox 246 1210 296 1262; x_wconf 82' lang='lat' dir='ltr'>viri</span> <span class='ocrx_word' id='word_1_24' title='bbox 315 1210 402 1262; x_wconf 87' lang='lat' dir='ltr'>virtus</span> <span class='ocrx_word' id='word_1_25' title='bbox 421 1214 517 1279; x_wconf 89' lang='lat' dir='ltr'>animo,</span> <span class='ocrx_word' id='word_1_26' title='bbox 537 1214 694 1279; x_wconf 88' lang='lat' dir='ltr'>multusque</span> <span class='ocrx_word' id='word_1_27' title='bbox 712 1211 835 1262; x_wconf 86' lang='lat' dir='ltr'>recursat</span> 
     </span>
    </p>

    <p class='ocr_par' dir='ltr' id='par_1_8' title="bbox 140 1285 814 1356">
     <span class='ocr_line' id='line_1_8' title="bbox 140 1285 814 1356; baseline -0.009 -16"><span class='ocrx_word' id='word_1_28' title='bbox 140 1289 234 1340; x_wconf 85' lang='lat' dir='ltr'>(lentis</span> <span class='ocrx_word' id='word_1_29' title='bbox 252 1286 336 1338; x_wconf 89' lang='lat' dir='ltr'>honos</span> <span class='ocrx_word' id='word_1_30' title='bbox 346 1307 352 1350; x_wconf 91' lang='lat'>;</span> <span class='ocrx_word' id='word_1_31' title='bbox 369 1286 483 1340; x_wconf 78' lang='lat' dir='ltr'>haerent</span> <span class='ocrx_word' id='word_1_32' title='bbox 501 1290 578 1341; x_wconf 86' lang='lat' dir='ltr'>infixi</span> <span class='ocrx_word' id='word_1_33' title='bbox 596 1292 706 1356; x_wconf 79' lang='lat' dir='ltr'><strong>pectore</strong></span> <span class='ocrx_word' id='word_1_34' title='bbox 725 1285 814 1336; x_wconf 85' lang='lat' dir='ltr'>voltus</span> 
     </span>
    </p>

    <p class='ocr_par' dir='ltr' id='par_1_9' title="bbox 139 1361 994 1586">
     <span class='ocr_line' id='line_1_9' title="bbox 140 1361 994 1431; baseline -0.007 -17"><span class='ocrx_word' id='word_1_35' title='bbox 140 1361 293 1431; x_wconf 77' lang='lat' dir='ltr'>Verbaque,</span> <span class='ocrx_word' id='word_1_36' title='bbox 307 1379 357 1415; x_wconf 88' lang='lat' dir='ltr'>noc</span> <span class='ocrx_word' id='word_1_37' title='bbox 369 1363 503 1430; x_wconf 83' lang='lat' dir='ltr'>placidam</span> <span class='ocrx_word' id='word_1_38' title='bbox 518 1365 650 1418; x_wconf 74' lang='lat' dir='ltr'>membris</span> <span class='ocrx_word' id='word_1_39' title='bbox 664 1364 713 1414; x_wconf 90' lang='lat' dir='ltr'>dat</span> <span class='ocrx_word' id='word_1_40' title='bbox 723 1377 787 1413; x_wconf 89' lang='lat' dir='ltr'>cura</span> <span class='ocrx_word' id='word_1_41' title='bbox 799 1361 927 1426; x_wconf 89' lang='lat' dir='ltr'>quictem.</span> <span class='ocrx_word' id='word_1_42' title='bbox 982 1373 994 1409; x_wconf 86' lang='lat' dir='ltr'>s</span> 
     </span>
     <span class='ocr_line' id='line_1_10' title="bbox 140 1438 807 1507; baseline -0.004 -17"><span class='ocrx_word' id='word_1_43' title='bbox 140 1438 252 1492; x_wconf 81' lang='lat' dir='ltr'>Postera</span> <span class='ocrx_word' id='word_1_44' title='bbox 272 1438 399 1491; x_wconf 80' lang='lat' dir='ltr'>Phoebea</span> <span class='ocrx_word' id='word_1_45' title='bbox 417 1438 554 1493; x_wconf 89' lang='lat' dir='ltr'>lustrabat</span> <span class='ocrx_word' id='word_1_46' title='bbox 573 1439 699 1507; x_wconf 82' lang='lat' dir='ltr'>lampado</span> <span class='ocrx_word' id='word_1_47' title='bbox 718 1441 807 1490; x_wconf 86' lang='lat' dir='ltr'>terras</span> 
     </span>
     <span class='ocr_line' id='line_1_11' title="bbox 139 1512 892 1586; baseline -0.008 -17"><span class='ocrx_word' id='word_1_48' title='bbox 139 1515 362 1584; x_wconf 88' lang='lat' dir='ltr'>llnmentenrquo</span> <span class='ocrx_word' id='word_1_49' title='bbox 383 1517 490 1570; x_wconf 89' lang='lat' dir='ltr'>Aurora</span> <span class='ocrx_word' id='word_1_50' title='bbox 508 1517 570 1586; x_wconf 88' lang='lat' dir='ltr'>polo</span> <span class='ocrx_word' id='word_1_51' title='bbox 590 1517 743 1568; x_wconf 77' lang='lat' dir='ltr'>dimoverat</span> <span class='ocrx_word' id='word_1_52' title='bbox 761 1512 892 1577; x_wconf 86' lang='lat' dir='ltr'>umbram,</span> 
     </span>
    </p>

    <p class='ocr_par' dir='ltr' id='par_1_10' title="bbox 125 1591 994 2120">
     <span class='ocr_line' id='line_1_12' title="bbox 139 1591 979 1662; baseline -0.008 -17"><span class='ocrx_word' id='word_1_53' title='bbox 139 1591 207 1645; x_wconf 81' lang='lat' dir='ltr'>Cum</span> <span class='ocrx_word' id='word_1_54' title='bbox 225 1591 263 1644; x_wconf 88' lang='lat' dir='ltr'>sio</span> <span class='ocrx_word' id='word_1_55' title='bbox 282 1591 438 1645; x_wconf 86' lang='lat' dir='ltr'>unanimam</span> <span class='ocrx_word' id='word_1_56' title='bbox 456 1593 615 1662; x_wconf 86' lang='lat' dir='ltr'>adloquitur</span> <span class='ocrx_word' id='word_1_57' title='bbox 634 1593 704 1645; x_wconf 89' lang='lat' dir='ltr'>malo</span> <span class='ocrx_word' id='word_1_58' title='bbox 725 1607 789 1644; x_wconf 87' lang='lat' dir='ltr'>sana</span> <span class='ocrx_word' id='word_1_59' title='bbox 808 1605 939 1641; x_wconf 89' lang='lat' dir='ltr'>sororem:</span> <span class='ocrx_word' id='word_1_60' title='bbox 976 1633 979 1638; x_wconf 93' lang='lat'>.</span> 
     </span>
     <span class='ocr_line' id='line_1_13' title="bbox 139 1660 938 1739; baseline -0.004 -19"><span class='ocrx_word' id='word_1_61' title='bbox 139 1671 219 1721; x_wconf 85' lang='lat' dir='ltr'>Anna</span> <span class='ocrx_word' id='word_1_62' title='bbox 237 1684 322 1736; x_wconf 88' lang='lat' dir='ltr'>soror,</span> <span class='ocrx_word' id='word_1_63' title='bbox 340 1685 410 1736; x_wconf 90' lang='lat' dir='ltr'>quae</span> <span class='ocrx_word' id='word_1_64' title='bbox 430 1687 473 1722; x_wconf 91' lang='lat' dir='ltr'>me</span> <span class='ocrx_word' id='word_1_65' title='bbox 493 1687 650 1739; x_wconf 81' lang='lat' dir='ltr'>suspensam</span> <span class='ocrx_word' id='word_1_66' title='bbox 669 1660 800 1722; x_wconf 83' lang='lat' dir='ltr'>insomnia</span> <span class='ocrx_word' id='word_1_67' title='bbox 817 1669 938 1720; x_wconf 88' lang='lat' dir='ltr'>terrent!</span> 
     </span>
     <span class='ocr_line' id='line_1_14' title="bbox 138 1744 994 1812; baseline -0.007 -14"><span class='ocrx_word' id='word_1_68' title='bbox 138 1746 203 1810; x_wconf 83' lang='lat' dir='ltr'>Quis</span> <span class='ocrx_word' id='word_1_69' title='bbox 221 1762 305 1798; x_wconf 84' lang='lat' dir='ltr'>novus</span> <span class='ocrx_word' id='word_1_70' title='bbox 324 1744 367 1798; x_wconf 88' lang='lat' dir='ltr'>hic</span> <span class='ocrx_word' id='word_1_71' title='bbox 386 1747 486 1798; x_wconf 81' lang='lat' dir='ltr'>nostris</span> <span class='ocrx_word' id='word_1_72' title='bbox 506 1748 636 1800; x_wconf 88' lang='lat' dir='ltr'>successit</span> <span class='ocrx_word' id='word_1_73' title='bbox 656 1746 768 1800; x_wconf 89' lang='lat' dir='ltr'>sedibus</span> <span class='ocrx_word' id='word_1_74' title='bbox 787 1744 893 1812; x_wconf 86' lang='lat' dir='ltr'>hospes,</span> <span class='ocrx_word' id='word_1_75' title='bbox 970 1754 994 1793; x_wconf 82' lang='lat' dir='ltr'>ro</span> 
     </span>
     <span class='ocr_line' id='line_1_15' title="bbox 138 1818 962 1892; baseline -0.004 -18"><span class='ocrx_word' id='word_1_76' title='bbox 138 1822 224 1886; x_wconf 78' lang='lat' dir='ltr'>Quem</span> <span class='ocrx_word' id='word_1_77' title='bbox 244 1839 303 1875; x_wconf 91' lang='lat' dir='ltr'>seso</span> <span class='ocrx_word' id='word_1_78' title='bbox 322 1838 368 1874; x_wconf 92' lang='lat' dir='ltr'>ore</span> <span class='ocrx_word' id='word_1_79' title='bbox 387 1823 484 1891; x_wconf 80' lang='lat' dir='ltr'>ferens,</span> <span class='ocrx_word' id='word_1_80' title='bbox 504 1841 586 1892; x_wconf 88' lang='lat' dir='ltr'>quem</span> <span class='ocrx_word' id='word_1_81' title='bbox 606 1824 671 1877; x_wconf 86' lang='lat' dir='ltr'>forti</span> <span class='ocrx_word' id='word_1_82' title='bbox 689 1826 801 1892; x_wconf 88' lang='lat' dir='ltr'>pectore</span> <span class='ocrx_word' id='word_1_83' title='bbox 819 1826 848 1874; x_wconf 90' lang='lat' dir='ltr'>ct</span> <span class='ocrx_word' id='word_1_84' title='bbox 865 1818 962 1872; x_wconf 68' lang='lat' dir='ltr'>armis!</span> 
     </span>
     <span class='ocr_line' id='line_1_16' title="bbox 139 1897 955 1967; baseline -0.005 -16"><span class='ocrx_word' id='word_1_85' title='bbox 139 1897 227 1951; x_wconf 85' lang='lat' dir='ltr'>Credo</span> <span class='ocrx_word' id='word_1_86' title='bbox 247 1897 383 1966; x_wconf 88' lang='lat' dir='ltr'>equidem,</span> <span class='ocrx_word' id='word_1_87' title='bbox 402 1916 451 1952; x_wconf 88' lang='lat' dir='ltr'>nec</span> <span class='ocrx_word' id='word_1_88' title='bbox 471 1917 539 1952; x_wconf 86' lang='lat' dir='ltr'>vana</span> <span class='ocrx_word' id='word_1_89' title='bbox 556 1900 632 1965; x_wconf 82' lang='lat' dir='ltr'>fides,</span> <span class='ocrx_word' id='word_1_90' title='bbox 651 1916 736 1967; x_wconf 86' lang='lat' dir='ltr'>genus</span> <span class='ocrx_word' id='word_1_91' title='bbox 756 1916 815 1952; x_wconf 86' lang='lat' dir='ltr'>esso</span> <span class='ocrx_word' id='word_1_92' title='bbox 835 1898 955 1951; x_wconf 90' lang='lat' dir='ltr'>deorum.</span> 
     </span>
     <span class='ocr_line' id='line_1_17' title="bbox 139 1973 923 2044; baseline -0.003 -18"><span class='ocrx_word' id='word_1_93' title='bbox 139 1975 294 2042; x_wconf 80' lang='lat' dir='ltr'>Degeneres</span> <span class='ocrx_word' id='word_1_94' title='bbox 313 1975 415 2028; x_wconf 84' lang='lat' dir='ltr'>animos</span> <span class='ocrx_word' id='word_1_95' title='bbox 434 1977 516 2028; x_wconf 90' lang='lat' dir='ltr'>timor</span> <span class='ocrx_word' id='word_1_96' title='bbox 534 1977 632 2044; x_wconf 85' lang='lat' dir='ltr'>arguit.</span> <span class='ocrx_word' id='word_1_97' title='bbox 673 1976 744 2042; x_wconf 90' lang='lat' dir='ltr'>Heu,</span> <span class='ocrx_word' id='word_1_98' title='bbox 764 1974 861 2043; x_wconf 88' lang='lat' dir='ltr'>quibus</span> <span class='ocrx_word' id='word_1_99' title='bbox 879 1973 923 2025; x_wconf 91' lang='lat' dir='ltr'>illc</span> 
     </span>
     <span class='ocr_line' id='line_1_18' title="bbox 125 2050 836 2120; baseline 0.003 -18"><span class='ocrx_word' id='word_1_100' title='bbox 125 2050 261 2110; x_wconf 50' lang='lat' dir='ltr'>¹lactatus</span> <span class='ocrx_word' id='word_1_101' title='bbox 279 2051 356 2104; x_wconf 78' lang='lat' dir='ltr'>satist</span> <span class='ocrx_word' id='word_1_102' title='bbox 377 2069 447 2120; x_wconf 86' lang='lat' dir='ltr'>quae</span> <span class='ocrx_word' id='word_1_103' title='bbox 465 2052 538 2105; x_wconf 88' lang='lat' dir='ltr'>bella</span> <span class='ocrx_word' id='word_1_104' title='bbox 556 2053 690 2106; x_wconf 85' lang='lat' dir='ltr'>exhausta</span> <span class='ocrx_word' id='word_1_105' title='bbox 708 2051 836 2105; x_wconf 85' lang='lat' dir='ltr'>canebat!</span> 
     </span>
    </p>

    <p class='ocr_par' dir='ltr' id='par_1_11' title="bbox 139 2127 995 2274">
     <span class='ocr_line' id='line_1_19' title="bbox 139 2127 995 2198; baseline -0.004 -18"><span class='ocrx_word' id='word_1_106' title='bbox 139 2128 167 2181; x_wconf 74' lang='lat' dir='ltr'>oi</span> <span class='ocrx_word' id='word_1_107' title='bbox 185 2127 250 2179; x_wconf 91' lang='lat' dir='ltr'>mihi</span> <span class='ocrx_word' id='word_1_108' title='bbox 268 2144 320 2179; x_wconf 90' lang='lat' dir='ltr'>non</span> <span class='ocrx_word' id='word_1_109' title='bbox 339 2127 428 2180; x_wconf 89' lang='lat' dir='ltr'>aninro</span> <span class='ocrx_word' id='word_1_110' title='bbox 447 2130 531 2182; x_wconf 83' lang='lat' dir='ltr'>fixum</span> <span class='ocrx_word' id='word_1_111' title='bbox 550 2129 740 2198; x_wconf 86' lang='lat' dir='ltr'>inmotumquo</span> <span class='ocrx_word' id='word_1_112' title='bbox 759 2127 879 2190; x_wconf 88' lang='lat' dir='ltr'>sederet,</span> <span class='ocrx_word' id='word_1_113' title='bbox 973 2140 995 2179; x_wconf 86' lang='lat'>1⁵</span> 
     </span>
     <span class='ocr_line' id='line_1_20' title="bbox 139 2204 757 2274; baseline 0.005 -18"><span class='ocrx_word' id='word_1_114' title='bbox 139 2204 182 2257; x_wconf 91' lang='lat' dir='ltr'>Ne</span> <span class='ocrx_word' id='word_1_115' title='bbox 200 2205 242 2257; x_wconf 91' lang='lat' dir='ltr'>eui</span> <span class='ocrx_word' id='word_1_116' title='bbox 261 2221 304 2257; x_wconf 89' lang='lat' dir='ltr'>me</span> <span class='ocrx_word' id='word_1_117' title='bbox 324 2204 409 2257; x_wconf 86' lang='lat' dir='ltr'>vinclo</span> <span class='ocrx_word' id='word_1_118' title='bbox 428 2206 526 2259; x_wconf 83' lang='lat' dir='ltr'>vellem</span> <span class='ocrx_word' id='word_1_119' title='bbox 546 2207 648 2260; x_wconf 87' lang='lat' dir='ltr'>sociare</span> <span class='ocrx_word' id='word_1_120' title='bbox 666 2206 757 2274; x_wconf 79' lang='lat' dir='ltr'>iugali,</span> 
     </span>
    </p>

    <p class='ocr_par' dir='ltr' id='par_1_12' title="bbox 140 2280 908 2428">
     <span class='ocr_line' id='line_1_21' title="bbox 141 2280 908 2352; baseline 0.001 -19"><span class='ocrx_word' id='word_1_121' title='bbox 141 2283 287 2349; x_wconf 89' lang='lat' dir='ltr'>Postquam</span> <span class='ocrx_word' id='word_1_122' title='bbox 306 2282 411 2350; x_wconf 89' lang='lat' dir='ltr'>primus</span> <span class='ocrx_word' id='word_1_123' title='bbox 430 2300 506 2335; x_wconf 89' lang='lat' dir='ltr'>amor</span> <span class='ocrx_word' id='word_1_124' title='bbox 524 2283 669 2352; x_wconf 84' lang='lat' dir='ltr'>deceptam</span> <span class='ocrx_word' id='word_1_125' title='bbox 689 2287 777 2336; x_wconf 92' lang='lat' dir='ltr'>morte</span> <span class='ocrx_word' id='word_1_126' title='bbox 796 2280 908 2346; x_wconf 83' lang='lat' dir='ltr'>fefollit;</span> 
     </span>
     <span class='ocr_line' id='line_1_22' title="bbox 140 2359 839 2428; baseline 0.001 -17"><span class='ocrx_word' id='word_1_127' title='bbox 140 2360 238 2411; x_wconf 79' lang='lat' dir='ltr'>Sinon</span> <span class='ocrx_word' id='word_1_128' title='bbox 257 2363 412 2426; x_wconf 82' lang='lat' dir='ltr'>pertaesum</span> <span class='ocrx_word' id='word_1_129' title='bbox 433 2360 546 2412; x_wconf 86' lang='lat' dir='ltr'>thalami</span> <span class='ocrx_word' id='word_1_130' title='bbox 565 2360 719 2428; x_wconf 84' lang='lat' dir='ltr'>taedaeque</span> <span class='ocrx_word' id='word_1_131' title='bbox 736 2359 839 2426; x_wconf 84' lang='lat' dir='ltr'>fuisset,</span> 
     </span>
    </p>

    <p class='ocr_par' dir='ltr' id='par_1_13' title="bbox 142 2435 803 2503">
     <span class='ocr_line' id='line_1_23' title="bbox 142 2435 803 2503; baseline 0.002 -16"><span class='ocrx_word' id='word_1_132' title='bbox 142 2435 212 2487; x_wconf 86' lang='lat' dir='ltr'>Huic</span> <span class='ocrx_word' id='word_1_133' title='bbox 231 2435 275 2486; x_wconf 89' lang='lat' dir='ltr'>uni</span> <span class='ocrx_word' id='word_1_134' title='bbox 295 2435 386 2487; x_wconf 80' lang='lat' dir='ltr'>forsan</span> <span class='ocrx_word' id='word_1_135' title='bbox 405 2436 482 2502; x_wconf 91' lang='lat' dir='ltr'>potui</span> <span class='ocrx_word' id='word_1_136' title='bbox 502 2435 678 2489; x_wconf 85' lang='lat' dir='ltr'>succumbere</span> <span class='ocrx_word' id='word_1_137' title='bbox 697 2435 803 2503; x_wconf 86' lang='lat' dir='ltr'>eulpae.</span> 
     </span>
    </p>

    <p class='ocr_par' dir='ltr' id='par_1_14' title="bbox 141 2509 995 2656">
     <span class='ocr_line' id='line_1_24' title="bbox 142 2509 995 2579; baseline -0.006 -16"><span class='ocrx_word' id='word_1_138' title='bbox 142 2514 229 2576; x_wconf 89' lang='lat' dir='ltr'>Anna,</span> <span class='ocrx_word' id='word_1_139' title='bbox 248 2509 356 2563; x_wconf 87' lang='lat' dir='ltr'>fatebor</span> <span class='ocrx_word' id='word_1_140' title='bbox 376 2511 456 2578; x_wconf 85' lang='lat' dir='ltr'>enim,</span> <span class='ocrx_word' id='word_1_141' title='bbox 475 2512 567 2563; x_wconf 91' lang='lat' dir='ltr'>miseri</span> <span class='ocrx_word' id='word_1_142' title='bbox 585 2515 648 2579; x_wconf 85' lang='lat' dir='ltr'>post</span> <span class='ocrx_word' id='word_1_143' title='bbox 666 2512 722 2563; x_wconf 82' lang='lat' dir='ltr'>fata</span> <span class='ocrx_word' id='word_1_144' title='bbox 741 2510 853 2578; x_wconf 73' lang='lat' dir='ltr'>Sychaei</span> <span class='ocrx_word' id='word_1_145' title='bbox 972 2520 995 2558; x_wconf 88' lang='lat' dir='ltr'>·.o</span> 
     </span>
     <span class='ocr_line' id='line_1_25' title="bbox 141 2587 822 2656; baseline -0.003 -15"><span class='ocrx_word' id='word_1_146' title='bbox 141 2587 267 2654; x_wconf 77' lang='lat' dir='ltr'>Coniugis</span> <span class='ocrx_word' id='word_1_147' title='bbox 286 2591 314 2638; x_wconf 86' lang='lat' dir='ltr'>ot</span> <span class='ocrx_word' id='word_1_148' title='bbox 333 2603 441 2656; x_wconf 85' lang='lat' dir='ltr'>sparsos</span> <span class='ocrx_word' id='word_1_149' title='bbox 459 2587 581 2640; x_wconf 86' lang='lat' dir='ltr'>fraterna</span> <span class='ocrx_word' id='word_1_150' title='bbox 600 2587 684 2641; x_wconf 89' lang='lat' dir='ltr'>caede</span> <span class='ocrx_word' id='word_1_151' title='bbox 704 2587 822 2650; x_wconf 89' lang='lat' dir='ltr'>Penatis,</span> 
     </span>
    </p>

    <p class='ocr_par' dir='ltr' id='par_1_15' title="bbox 141 2662 880 2809">
     <span class='ocr_line' id='line_1_26' title="bbox 141 2662 880 2731; baseline -0.003 -14"><span class='ocrx_word' id='word_1_152' title='bbox 141 2663 219 2718; x_wconf 84' lang='lat' dir='ltr'>Solus</span> <span class='ocrx_word' id='word_1_153' title='bbox 237 2662 281 2715; x_wconf 89' lang='lat' dir='ltr'>hie</span> <span class='ocrx_word' id='word_1_154' title='bbox 299 2663 404 2717; x_wconf 86' lang='lat' dir='ltr'>inflexit</span> <span class='ocrx_word' id='word_1_155' title='bbox 424 2680 527 2729; x_wconf 75' lang='lat' dir='ltr'>sensae,</span> <span class='ocrx_word' id='word_1_156' title='bbox 547 2664 724 2731; x_wconf 91' lang='lat' dir='ltr'>animumque</span> <span class='ocrx_word' id='word_1_157' title='bbox 742 2663 880 2716; x_wconf 89' lang='lat' dir='ltr'>labantem</span> 
     </span>
     <span class='ocr_line' id='line_1_27' title="bbox 141 2739 834 2809; baseline 0 -17"><span class='ocrx_word' id='word_1_158' title='bbox 141 2739 252 2809; x_wconf 90' lang='lat' dir='ltr'>Inpulit.</span> <span class='ocrx_word' id='word_1_159' title='bbox 289 2740 434 2808; x_wconf 81' lang='lat' dir='ltr'>Adgnosco</span> <span class='ocrx_word' id='word_1_160' title='bbox 453 2742 554 2794; x_wconf 87' lang='lat' dir='ltr'>veteris</span> <span class='ocrx_word' id='word_1_161' title='bbox 572 2741 686 2808; x_wconf 76' lang='lat' dir='ltr'>vestigia</span> <span class='ocrx_word' id='word_1_162' title='bbox 703 2740 834 2794; x_wconf 89' lang='lat' dir='ltr'>flammae.</span> 
     </span>
    </p>

    <p class='ocr_par' dir='ltr' id='par_1_16' title="bbox 142 2816 867 2887">
     <span class='ocr_line' id='line_1_28' title="bbox 142 2816 867 2887; baseline 0 -18"><span class='ocrx_word' id='word_1_163' title='bbox 142 2817 196 2869; x_wconf 78' lang='lat' dir='ltr'>Sed</span> <span class='ocrx_word' id='word_1_164' title='bbox 214 2817 281 2870; x_wconf 90' lang='lat' dir='ltr'>mihi</span> <span class='ocrx_word' id='word_1_165' title='bbox 299 2817 341 2870; x_wconf 80' lang='lat' dir='ltr'>vel</span> <span class='ocrx_word' id='word_1_166' title='bbox 361 2818 442 2871; x_wconf 86' lang='lat' dir='ltr'>tellus</span> <span class='ocrx_word' id='word_1_167' title='bbox 462 2822 554 2886; x_wconf 88' lang='lat' dir='ltr'>optem</span> <span class='ocrx_word' id='word_1_168' title='bbox 573 2819 648 2887; x_wconf 87' lang='lat' dir='ltr'>prius</span> <span class='ocrx_word' id='word_1_169' title='bbox 666 2818 720 2870; x_wconf 92' lang='lat' dir='ltr'>ima</span> <span class='ocrx_word' id='word_1_170' title='bbox 739 2816 867 2882; x_wconf 89' lang='lat' dir='ltr'>dehiscat,</span> 
     </span>
    </p>

    <p class='ocr_par' dir='ltr' id='par_1_17' title="bbox 142 2891 1132 3040">
     <span class='ocr_line' id='line_1_29' title="bbox 142 2891 1132 2963; baseline -0.004 -19"><span class='ocrx_word' id='word_1_171' title='bbox 142 2892 194 2948; x_wconf 78' lang='lat' dir='ltr'>l&#39;el</span> <span class='ocrx_word' id='word_1_172' title='bbox 208 2894 291 2948; x_wconf 87' lang='lat' dir='ltr'>Pater</span> <span class='ocrx_word' id='word_1_173' title='bbox 305 2895 475 2962; x_wconf 89' lang='lat' dir='ltr'>omnipotens</span> <span class='ocrx_word' id='word_1_174' title='bbox 488 2895 581 2963; x_wconf 83' lang='lat' dir='ltr'>adigat</span> <span class='ocrx_word' id='word_1_175' title='bbox 594 2913 638 2949; x_wconf 86' lang='lat' dir='ltr'>mo</span> <span class='ocrx_word' id='word_1_176' title='bbox 655 2894 767 2947; x_wconf 87' lang='lat' dir='ltr'>fulmine</span> <span class='ocrx_word' id='word_1_177' title='bbox 780 2893 815 2946; x_wconf 91' lang='lat' dir='ltr'>ad</span> <span class='ocrx_word' id='word_1_178' title='bbox 826 2891 944 2952; x_wconf 89' lang='lat' dir='ltr'>umbras,</span> <span class='ocrx_word' id='word_1_179' title='bbox 974 2903 994 2941; x_wconf 71' lang='lat' dir='ltr'>et</span> <span class='ocrx_word' id='word_1_180' title='bbox 1131 2911 1132 2954; x_wconf 86' lang='lat' dir='ltr'>l</span> 
     </span>
     <span class='ocr_line' id='line_1_30' title="bbox 143 2970 877 3040; baseline 0 -16"><span class='ocrx_word' id='word_1_181' title='bbox 143 2970 272 3025; x_wconf 85' lang='lat' dir='ltr'>l&#39;allentis</span> <span class='ocrx_word' id='word_1_182' title='bbox 292 2970 402 3024; x_wconf 88' lang='lat' dir='ltr'>umbras</span> <span class='ocrx_word' id='word_1_183' title='bbox 424 2972 506 3024; x_wconf 84' lang='lat' dir='ltr'>Erebi</span> <span class='ocrx_word' id='word_1_184' title='bbox 525 2975 688 3040; x_wconf 88' lang='lat' dir='ltr'>noctemque</span> <span class='ocrx_word' id='word_1_185' title='bbox 706 2971 877 3040; x_wconf 76' lang='lat' dir='ltr'>profundam,</span> 
     </span>
    </p>

    <p class='ocr_par' dir='ltr' id='par_1_18' title="bbox 142 3046 1132 3270">
     <span class='ocr_line' id='line_1_31' title="bbox 143 3046 927 3116; baseline -0.004 -15"><span class='ocrx_word' id='word_1_186' title='bbox 143 3051 225 3112; x_wconf 83' lang='lat' dir='ltr'>Ante,</span> <span class='ocrx_word' id='word_1_187' title='bbox 247 3048 345 3114; x_wconf 87' lang='lat' dir='ltr'>Pudor,</span> <span class='ocrx_word' id='word_1_188' title='bbox 365 3065 446 3116; x_wconf 90' lang='lat' dir='ltr'>qnam</span> <span class='ocrx_word' id='word_1_189' title='bbox 465 3053 493 3101; x_wconf 94' lang='lat' dir='ltr'>te</span> <span class='ocrx_word' id='word_1_190' title='bbox 511 3049 588 3114; x_wconf 87' lang='lat' dir='ltr'>violo,</span> <span class='ocrx_word' id='word_1_191' title='bbox 607 3052 655 3102; x_wconf 93' lang='lat' dir='ltr'>aut</span> <span class='ocrx_word' id='word_1_192' title='bbox 673 3052 721 3102; x_wconf 90' lang='lat' dir='ltr'>tua</span> <span class='ocrx_word' id='word_1_193' title='bbox 740 3049 799 3101; x_wconf 90' lang='lat' dir='ltr'>iura</span> <span class='ocrx_word' id='word_1_194' title='bbox 815 3046 927 3100; x_wconf 90' lang='lat' dir='ltr'>resolvo.</span> 
     </span>
     <span class='ocr_line' id='line_1_32' title="bbox 143 3063 1132 3194; baseline -0.001 -17"><span class='ocrx_word' id='word_1_195' title='bbox 143 3124 194 3178; x_wconf 91' lang='lat' dir='ltr'>Ille</span> <span class='ocrx_word' id='word_1_196' title='bbox 213 3141 293 3190; x_wconf 93' lang='lat' dir='ltr'>meos,</span> <span class='ocrx_word' id='word_1_197' title='bbox 313 3126 416 3194; x_wconf 90' lang='lat' dir='ltr'>primus</span> <span class='ocrx_word' id='word_1_198' title='bbox 436 3126 480 3194; x_wconf 90' lang='lat' dir='ltr'>qni</span> <span class='ocrx_word' id='word_1_199' title='bbox 499 3143 543 3179; x_wconf 93' lang='lat' dir='ltr'>me</span> <span class='ocrx_word' id='word_1_200' title='bbox 562 3125 612 3179; x_wconf 90' lang='lat' dir='ltr'>sibi</span> <span class='ocrx_word' id='word_1_201' title='bbox 631 3125 728 3193; x_wconf 82' lang='lat' dir='ltr'>iunxit,</span> <span class='ocrx_word' id='word_1_202' title='bbox 746 3141 850 3178; x_wconf 86' lang='lat' dir='ltr'>amores</span> <span class='ocrx_word' id='word_1_203' title='bbox 1129 3063 1132 3187; x_wconf 87' lang='grc'><strong>1</strong></span> 
     </span>
     <span class='ocr_line' id='line_1_33' title="bbox 142 3199 910 3270; baseline -0.003 -12"><span class='ocrx_word' id='word_1_204' title='bbox 142 3199 287 3262; x_wconf 63' lang='lat' dir='ltr'>abanim</span> <span class='ocrx_word' id='word_1_205' title='bbox 304 3203 349 3256; x_wconf 84' lang='lat' dir='ltr'>ille</span> <span class='ocrx_word' id='word_1_206' title='bbox 367 3201 468 3256; x_wconf 89' lang='lat' dir='ltr'>habeat</span> <span class='ocrx_word' id='word_1_207' title='bbox 487 3220 577 3257; x_wconf 89' lang='lat' dir='ltr'>secum</span> <span class='ocrx_word' id='word_1_208' title='bbox 597 3206 742 3270; x_wconf 65' lang='lat' dir='ltr'>servetque</span> <span class='ocrx_word' id='word_1_209' title='bbox 762 3201 910 3270; x_wconf 88' lang='lat' dir='ltr'>sepulchro.</span> 
     </span>
    </p>
   </div>
   <div class='ocr_carea' id='block_1_6' title="bbox 0 0 1146 3568">
    <p class='ocr_par' dir='ltr' id='par_1_19' title="bbox 0 0 1146 3568">
     <span class='ocr_line' id='line_1_34' title="bbox 0 0 1146 3568; baseline 0 0"><span class='ocrx_word' id='word_1_210' title='bbox 0 0 1146 3568; x_wconf 95' lang='lat' dir='ltr'> </span> 
     </span>
    </p>
   </div>
  </div>
 </body>
</html>
