<?xml version="1.0" encoding="UTF-8"?>
<!DOCTYPE html PUBLIC "-//W3C//DTD XHTML 1.0 Transitional//EN"
    "http://www.w3.org/TR/xhtml1/DTD/xhtml1-transitional.dtd">
<html xmlns="http://www.w3.org/1999/xhtml" xml:lang="en" lang="en">
 <head>
  <title>
</title>
<meta http-equiv="Content-Type" content="text/html;charset=utf-8" />
  <meta name='ocr-system' content='tesseract 3.04.00' />
  <meta name='ocr-capabilities' content='ocr_page ocr_carea ocr_par ocr_line ocrx_word'/>
</head>
<body>
  <div class='ocr_page' id='page_1' title='image "./operaexrecensio01virggoog_0050.png"; bbox 0 0 2266 3562; ppageno 0'>
   <div class='ocr_carea' id='block_1_1' title="bbox 398 205 754 256">
    <p class='ocr_par' dir='ltr' id='par_1_1' title="bbox 398 205 754 256">
     <span class='ocr_line' id='line_1_1' title="bbox 398 205 754 256; baseline 0 -2"><span class='ocrx_word' id='word_1_1' title='bbox 398 205 609 256; x_wconf 83' lang='lat' dir='ltr'><strong>GEORGICON</strong></span> <span class='ocrx_word' id='word_1_2' title='bbox 627 206 696 256; x_wconf 93' lang='lat' dir='ltr'><strong>LIB.</strong></span> <span class='ocrx_word' id='word_1_3' title='bbox 716 206 754 254; x_wconf 90' lang='lat'><strong>11.</strong></span> 
     </span>
    </p>
   </div>
   <div class='ocr_carea' id='block_1_2' title="bbox 141 285 1004 1657">
    <p class='ocr_par' dir='ltr' id='par_1_2' title="bbox 149 285 769 358">
     <span class='ocr_line' id='line_1_2' title="bbox 149 285 769 358; baseline -0.006 -14"><span class='ocrx_word' id='word_1_4' title='bbox 149 289 317 358; x_wconf 77' lang='lat' dir='ltr'><strong>Exspectant</strong></span> <span class='ocrx_word' id='word_1_5' title='bbox 335 291 363 341; x_wconf 90' lang='lat' dir='ltr'><strong>et</strong></span> <span class='ocrx_word' id='word_1_6' title='bbox 382 285 441 340; x_wconf 81' lang='lat' dir='ltr'><strong>vina</strong></span> <span class='ocrx_word' id='word_1_7' title='bbox 459 303 509 340; x_wconf 91' lang='lat' dir='ltr'><strong>sua</strong></span> <span class='ocrx_word' id='word_1_8' title='bbox 526 287 661 356; x_wconf 84' lang='lat' dir='ltr'><strong>plantaria</strong></span> <span class='ocrx_word' id='word_1_9' title='bbox 679 291 769 351; x_wconf 80' lang='lat' dir='ltr'><strong>terra3</strong></span> 
     </span>
    </p>

    <p class='ocr_par' dir='ltr' id='par_1_3' title="bbox 141 363 844 432">
     <span class='ocr_line' id='line_1_3' title="bbox 141 363 844 432; baseline 0.001 -18"><span class='ocrx_word' id='word_1_10' title='bbox 141 369 172 420; x_wconf 66' lang='lat' dir='ltr'><strong>,N</strong></span> <span class='ocrx_word' id='word_1_11' title='bbox 177 367 195 419; x_wconf 93' lang='lat' dir='ltr'><strong>il</strong></span> <span class='ocrx_word' id='word_1_12' title='bbox 214 365 312 418; x_wconf 81' lang='lat' dir='ltr'><strong>radicis</strong></span> <span class='ocrx_word' id='word_1_13' title='bbox 331 366 414 431; x_wconf 86' lang='lat' dir='ltr'><strong>egent</strong></span> <span class='ocrx_word' id='word_1_14' title='bbox 432 363 507 430; x_wconf 88' lang='lat' dir='ltr'><strong>aliae,</strong></span> <span class='ocrx_word' id='word_1_15' title='bbox 526 381 715 431; x_wconf 90' lang='lat' dir='ltr'><strong>summumque</strong></span> <span class='ocrx_word' id='word_1_16' title='bbox 732 367 844 432; x_wconf 89' lang='lat' dir='ltr'><strong>putator</strong></span> 
     </span>
    </p>

    <p class='ocr_par' dir='ltr' id='par_1_4' title="bbox 149 439 917 504">
     <span class='ocr_line' id='line_1_4' title="bbox 149 439 917 504; baseline -0.004 -9"><span class='ocrx_word' id='word_1_17' title='bbox 149 442 233 495; x_wconf 83' lang='lat' dir='ltr'><strong>Haud</strong></span> <span class='ocrx_word' id='word_1_18' title='bbox 252 441 360 494; x_wconf 88' lang='lat' dir='ltr'><strong>dubitat</strong></span> <span class='ocrx_word' id='word_1_19' title='bbox 378 444 469 493; x_wconf 89' lang='lat' dir='ltr'><strong>terrae</strong></span> <span class='ocrx_word' id='word_1_20' title='bbox 488 439 610 494; x_wconf 89' lang='lat' dir='ltr'><strong>referens</strong></span> <span class='ocrx_word' id='word_1_21' title='bbox 627 440 758 493; x_wconf 85' lang='lat' dir='ltr'><strong>mandare</strong></span> <span class='ocrx_word' id='word_1_22' title='bbox 775 456 917 504; x_wconf 85' lang='lat' dir='ltr'><strong>eaenmen;</strong></span> 
     </span>
    </p>

    <p class='ocr_par' dir='ltr' id='par_1_5' title="bbox 148 515 1004 582">
     <span class='ocr_line' id='line_1_5' title="bbox 148 515 1004 582; baseline -0.004 -10"><span class='ocrx_word' id='word_1_23' title='bbox 148 520 219 582; x_wconf 81' lang='lat' dir='ltr'><strong>Quin</strong></span> <span class='ocrx_word' id='word_1_24' title='bbox 238 523 266 571; x_wconf 90' lang='lat' dir='ltr'><strong>et</strong></span> <span class='ocrx_word' id='word_1_25' title='bbox 284 517 439 570; x_wconf 79' lang='lat' dir='ltr'>caudicibus</span> <span class='ocrx_word' id='word_1_26' title='bbox 458 515 698 570; x_wconf 88' lang='lat' dir='ltr'><strong>sectis-mirabile</strong></span> <span class='ocrx_word' id='word_1_27' title='bbox 717 517 827 570; x_wconf 84' lang='lat' dir='ltr'><strong>dictu-</strong></span> <span class='ocrx_word' id='word_1_28' title='bbox 980 531 1004 569; x_wconf 82' lang='lat' dir='ltr'><strong>ao</strong></span> 
     </span>
    </p>

    <p class='ocr_par' dir='ltr' id='par_1_6' title="bbox 148 592 743 661">
     <span class='ocr_line' id='line_1_6' title="bbox 148 592 743 661; baseline -0.005 -13"><span class='ocrx_word' id='word_1_29' title='bbox 148 595 278 648; x_wconf 87' lang='lat' dir='ltr'><strong>Truditur</strong></span> <span class='ocrx_word' id='word_1_30' title='bbox 296 611 311 647; x_wconf 90' lang='lat' dir='ltr'><strong>e</strong></span> <span class='ocrx_word' id='word_1_31' title='bbox 330 595 398 647; x_wconf 89' lang='lat' dir='ltr'><strong>sicco</strong></span> <span class='ocrx_word' id='word_1_32' title='bbox 417 593 496 646; x_wconf 83' lang='lat' dir='ltr'>radix</span> <span class='ocrx_word' id='word_1_33' title='bbox 516 593 639 660; x_wconf 86' lang='lat' dir='ltr'><strong>oleagina</strong></span> <span class='ocrx_word' id='word_1_34' title='bbox 657 592 743 661; x_wconf 81' lang='lat' dir='ltr'><strong>lign03</strong></span> 
     </span>
    </p>

    <p class='ocr_par' dir='ltr' id='par_1_7' title="bbox 147 669 783 739">
     <span class='ocr_line' id='line_1_7' title="bbox 147 669 783 739; baseline -0.005 -14"><span class='ocrx_word' id='word_1_35' title='bbox 147 673 184 725; x_wconf 83' lang='lat' dir='ltr'><strong>llt</strong></span> <span class='ocrx_word' id='word_1_36' title='bbox 203 688 284 739; x_wconf 88' lang='lat' dir='ltr'><strong>saepe</strong></span> <span class='ocrx_word' id='word_1_37' title='bbox 302 670 414 724; x_wconf 84' lang='lat' dir='ltr'><strong>alterius</strong></span> <span class='ocrx_word' id='word_1_38' title='bbox 433 687 522 723; x_wconf 91' lang='lat' dir='ltr'><strong>ramos</strong></span> <span class='ocrx_word' id='word_1_39' title='bbox 540 669 642 737; x_wconf 89' lang='lat' dir='ltr'><strong>inpune</strong></span> <span class='ocrx_word' id='word_1_40' title='bbox 660 669 783 722; x_wconf 77' lang='lat' dir='ltr'><strong>videmus</strong></span> 
     </span>
    </p>

    <p class='ocr_par' dir='ltr' id='par_1_8' title="bbox 148 747 843 815">
     <span class='ocr_line' id='line_1_8' title="bbox 148 747 843 815; baseline 0.001 -16"><span class='ocrx_word' id='word_1_41' title='bbox 148 748 265 802; x_wconf 82' lang='lat' dir='ltr'><strong>Vertere</strong></span> <span class='ocrx_word' id='word_1_42' title='bbox 282 748 308 800; x_wconf 94' lang='lat' dir='ltr'><strong>in</strong></span> <span class='ocrx_word' id='word_1_43' title='bbox 328 747 448 815; x_wconf 87' lang='lat' dir='ltr'><strong>alterins,</strong></span> <span class='ocrx_word' id='word_1_44' title='bbox 467 749 655 814; x_wconf 85' lang='lat' dir='ltr'><strong>mutatamque</strong></span> <span class='ocrx_word' id='word_1_45' title='bbox 673 747 754 799; x_wconf 89' lang='lat' dir='ltr'><strong>insita</strong></span> <span class='ocrx_word' id='word_1_46' title='bbox 771 747 843 800; x_wconf 86' lang='lat' dir='ltr'><strong>melo</strong></span> 
     </span>
    </p>

    <p class='ocr_par' dir='ltr' id='par_1_9' title="bbox 147 821 1003 967">
     <span class='ocr_line' id='line_1_9' title="bbox 147 821 915 892; baseline -0.003 -14"><span class='ocrx_word' id='word_1_47' title='bbox 147 825 233 878; x_wconf 86' lang='lat' dir='ltr'><strong>Ferre</strong></span> <span class='ocrx_word' id='word_1_48' title='bbox 250 825 348 892; x_wconf 93' lang='lat' dir='ltr'><strong>pirum,</strong></span> <span class='ocrx_word' id='word_1_49' title='bbox 366 827 395 876; x_wconf 92' lang='lat' dir='ltr'><strong>et</strong></span> <span class='ocrx_word' id='word_1_50' title='bbox 413 823 507 892; x_wconf 85' lang='lat' dir='ltr'><strong>prunis</strong></span> <span class='ocrx_word' id='word_1_51' title='bbox 525 821 649 892; x_wconf 86' lang='lat' dir='ltr'><strong>lapidosa</strong></span> <span class='ocrx_word' id='word_1_52' title='bbox 666 822 810 876; x_wconf 88' lang='lat' dir='ltr'><strong>rubescere</strong></span> <span class='ocrx_word' id='word_1_53' title='bbox 828 840 915 877; x_wconf 88' lang='lat' dir='ltr'><strong>corna.</strong></span> 
     </span>
     <span class='ocr_line' id='line_1_10' title="bbox 182 898 1003 967; baseline 0.002 -13"><span class='ocrx_word' id='word_1_54' title='bbox 182 901 271 965; x_wconf 83' lang='lat' dir='ltr'><strong>Quare</strong></span> <span class='ocrx_word' id='word_1_55' title='bbox 290 900 363 967; x_wconf 85' lang='lat' dir='ltr'><strong>agite</strong></span> <span class='ocrx_word' id='word_1_56' title='bbox 382 917 405 967; x_wconf 95' lang='lat' dir='ltr'><strong>o,</strong></span> <span class='ocrx_word' id='word_1_57' title='bbox 424 900 549 967; x_wconf 85' lang='lat' dir='ltr'><strong>proprios</strong></span> <span class='ocrx_word' id='word_1_58' title='bbox 566 899 719 966; x_wconf 82' lang='lat' dir='ltr'><strong>generatim</strong></span> <span class='ocrx_word' id='word_1_59' title='bbox 738 899 833 952; x_wconf 79' lang='lat' dir='ltr'><strong>discite</strong></span> <span class='ocrx_word' id='word_1_60' title='bbox 850 898 945 967; x_wconf 88' lang='lat' dir='ltr'><strong>cultus,</strong></span> <span class='ocrx_word' id='word_1_61' title='bbox 978 916 1003 956; x_wconf 79' lang='lat' dir='ltr'><strong>es</strong></span> 
     </span>
    </p>

    <p class='ocr_par' dir='ltr' id='par_1_10' title="bbox 147 975 830 1046">
     <span class='ocr_line' id='line_1_11' title="bbox 147 975 830 1046; baseline -0.004 -15"><span class='ocrx_word' id='word_1_62' title='bbox 147 977 298 1046; x_wconf 82' lang='lat' dir='ltr'><strong>Agricolae,</strong></span> <span class='ocrx_word' id='word_1_63' title='bbox 319 978 478 1046; x_wconf 89' lang='lat' dir='ltr'><strong>fructusque</strong></span> <span class='ocrx_word' id='word_1_64' title='bbox 496 977 570 1028; x_wconf 89' lang='lat' dir='ltr'><strong>feros</strong></span> <span class='ocrx_word' id='word_1_65' title='bbox 588 975 691 1028; x_wconf 89' lang='lat' dir='ltr'><strong>mollite</strong></span> <span class='ocrx_word' id='word_1_66' title='bbox 710 975 830 1040; x_wconf 92' lang='lat' dir='ltr'><strong>colendo,</strong></span> 
     </span>
    </p>

    <p class='ocr_par' dir='ltr' id='par_1_11' title="bbox 146 1052 934 1121">
     <span class='ocr_line' id='line_1_12' title="bbox 146 1052 934 1121; baseline 0.003 -15"><span class='ocrx_word' id='word_1_67' title='bbox 146 1054 324 1121; x_wconf 84' lang='lat' dir='ltr'><strong>Neu&#39;segues</strong></span> <span class='ocrx_word' id='word_1_68' title='bbox 343 1054 449 1106; x_wconf 88' lang='lat' dir='ltr'><strong>iaceant</strong></span> <span class='ocrx_word' id='word_1_69' title='bbox 467 1057 565 1106; x_wconf 88' lang='lat' dir='ltr'><strong>terrae.</strong></span> <span class='ocrx_word' id='word_1_70' title='bbox 603 1052 685 1104; x_wconf 87' lang='lat' dir='ltr'><strong>luvat</strong></span> <span class='ocrx_word' id='word_1_71' title='bbox 705 1052 809 1104; x_wconf 87' lang='lat' dir='ltr'><strong>Ismara</strong></span> <span class='ocrx_word' id='word_1_72' title='bbox 828 1053 934 1108; x_wconf 85' lang='lat' dir='ltr'><strong>Bacche</strong></span> 
     </span>
    </p>

    <p class='ocr_par' dir='ltr' id='par_1_12' title="bbox 147 1127 933 1198">
     <span class='ocr_line' id='line_1_13' title="bbox 147 1127 933 1198; baseline 0 -14"><span class='ocrx_word' id='word_1_73' title='bbox 147 1131 305 1191; x_wconf 80' lang='lat' dir='ltr'><strong>(lunserere,</strong></span> <span class='ocrx_word' id='word_1_74' title='bbox 323 1134 406 1198; x_wconf 85' lang='lat' dir='ltr'><strong>atque</strong></span> <span class='ocrx_word' id='word_1_75' title='bbox 426 1131 485 1183; x_wconf 89' lang='lat' dir='ltr'><strong>olea</strong></span> <span class='ocrx_word' id='word_1_76' title='bbox 502 1146 632 1198; x_wconf 86' lang='lat' dir='ltr'><strong>magnum</strong></span> <span class='ocrx_word' id='word_1_77' title='bbox 651 1128 752 1180; x_wconf 88' lang='lat' dir='ltr'><strong>vestire</strong></span> <span class='ocrx_word' id='word_1_78' title='bbox 772 1127 933 1185; x_wconf 84' lang='lat' dir='ltr'><strong>Taburnum.</strong></span> 
     </span>
    </p>

    <p class='ocr_par' dir='ltr' id='par_1_13' title="bbox 146 1205 892 1276">
     <span class='ocr_line' id='line_1_14' title="bbox 146 1205 892 1276; baseline -0.001 -16"><span class='ocrx_word' id='word_1_79' title='bbox 146 1205 241 1276; x_wconf 86' lang='lat' dir='ltr'><strong>Tuque</strong></span> <span class='ocrx_word' id='word_1_80' title='bbox 259 1208 332 1274; x_wconf 88' lang='lat' dir='ltr'><strong>ades,</strong></span> <span class='ocrx_word' id='word_1_81' title='bbox 350 1205 543 1275; x_wconf 81' lang='lat' dir='ltr'><strong>inceptumque</strong></span> <span class='ocrx_word' id='word_1_82' title='bbox 561 1222 615 1258; x_wconf 87' lang='lat' dir='ltr'><strong>una</strong></span> <span class='ocrx_word' id='word_1_83' title='bbox 633 1205 748 1258; x_wconf 88' lang='lat' dir='ltr'><strong>decurre</strong></span> <span class='ocrx_word' id='word_1_84' title='bbox 766 1205 892 1271; x_wconf 88' lang='lat' dir='ltr'><strong>laborem,</strong></span> 
     </span>
    </p>

    <p class='ocr_par' dir='ltr' id='par_1_14' title="bbox 146 1282 1003 1352">
     <span class='ocr_line' id='line_1_15' title="bbox 146 1282 1003 1352; baseline 0.001 -17"><span class='ocrx_word' id='word_1_85' title='bbox 146 1282 170 1336; x_wconf 93' lang='grc' dir='ltr'><strong>Ο</strong></span> <span class='ocrx_word' id='word_1_86' title='bbox 190 1283 280 1349; x_wconf 88' lang='lat' dir='ltr'><strong>decus,</strong></span> <span class='ocrx_word' id='word_1_87' title='bbox 299 1301 315 1336; x_wconf 94' lang='lat' dir='ltr'><strong>o</strong></span> <span class='ocrx_word' id='word_1_88' title='bbox 334 1284 422 1337; x_wconf 84' lang='lat' dir='ltr'><strong>famae</strong></span> <span class='ocrx_word' id='word_1_89' title='bbox 441 1283 539 1336; x_wconf 90' lang='lat' dir='ltr'><strong>merito</strong></span> <span class='ocrx_word' id='word_1_90' title='bbox 558 1300 622 1352; x_wconf 88' lang='lat' dir='ltr'><strong>pars</strong></span> <span class='ocrx_word' id='word_1_91' title='bbox 640 1299 767 1335; x_wconf 85' lang='lat' dir='ltr'><strong>maxmna</strong></span> <span class='ocrx_word' id='word_1_92' title='bbox 786 1288 902 1350; x_wconf 90' lang='lat' dir='ltr'><strong>nostrae,</strong></span> <span class='ocrx_word' id='word_1_93' title='bbox 978 1297 1003 1336; x_wconf 74' lang='lat' dir='ltr'><strong>re</strong></span> 
     </span>
    </p>

    <p class='ocr_par' dir='ltr' id='par_1_15' title="bbox 147 1359 843 1428">
     <span class='ocr_line' id='line_1_16' title="bbox 147 1359 843 1428; baseline 0.003 -17"><span class='ocrx_word' id='word_1_94' title='bbox 147 1359 298 1426; x_wconf 80' lang='lat' dir='ltr'><strong>Maecenas,</strong></span> <span class='ocrx_word' id='word_1_95' title='bbox 317 1360 467 1428; x_wconf 82' lang='lat' dir='ltr'><strong>pelagoque</strong></span> <span class='ocrx_word' id='word_1_96' title='bbox 486 1360 579 1414; x_wconf 86' lang='lat' dir='ltr'><strong>volans</strong></span> <span class='ocrx_word' id='word_1_97' title='bbox 599 1359 634 1412; x_wconf 85' lang='lat' dir='ltr'><strong>da</strong></span> <span class='ocrx_word' id='word_1_98' title='bbox 652 1359 712 1412; x_wconf 89' lang='lat' dir='ltr'><strong>vela</strong></span> <span class='ocrx_word' id='word_1_99' title='bbox 730 1360 843 1428; x_wconf 90' lang='lat' dir='ltr'><strong>patenti.</strong></span> 
     </span>
    </p>

    <p class='ocr_par' dir='ltr' id='par_1_16' title="bbox 146 1435 857 1505">
     <span class='ocr_line' id='line_1_17' title="bbox 146 1435 857 1505; baseline 0 -16"><span class='ocrx_word' id='word_1_100' title='bbox 146 1436 208 1489; x_wconf 87' lang='lat' dir='ltr'><strong>Non</strong></span> <span class='ocrx_word' id='word_1_101' title='bbox 227 1453 277 1504; x_wconf 85' lang='lat' dir='ltr'><strong>ogo</strong></span> <span class='ocrx_word' id='word_1_102' title='bbox 296 1441 394 1490; x_wconf 89' lang='lat' dir='ltr'><strong>cuncta</strong></span> <span class='ocrx_word' id='word_1_103' title='bbox 412 1437 480 1489; x_wconf 85' lang='lat' dir='ltr'><strong>meis</strong></span> <span class='ocrx_word' id='word_1_104' title='bbox 499 1436 626 1504; x_wconf 86' lang='lat' dir='ltr'><strong>amplecti</strong></span> <span class='ocrx_word' id='word_1_105' title='bbox 645 1435 768 1490; x_wconf 90' lang='lat' dir='ltr'><strong>versibus</strong></span> <span class='ocrx_word' id='word_1_106' title='bbox 786 1440 857 1505; x_wconf 88' lang='lat' dir='ltr'><strong>opto,</strong></span> 
     </span>
    </p>

    <p class='ocr_par' dir='ltr' id='par_1_17' title="bbox 147 1512 928 1581">
     <span class='ocr_line' id='line_1_18' title="bbox 147 1512 928 1581; baseline -0.001 -15"><span class='ocrx_word' id='word_1_107' title='bbox 147 1513 216 1580; x_wconf 91' lang='lat' dir='ltr'><strong>Non,</strong></span> <span class='ocrx_word' id='word_1_108' title='bbox 235 1512 300 1565; x_wconf 85' lang='lat' dir='ltr'><strong>milri</strong></span> <span class='ocrx_word' id='word_1_109' title='bbox 319 1512 341 1565; x_wconf 87' lang='lat' dir='ltr'><strong>si</strong></span> <span class='ocrx_word' id='word_1_110' title='bbox 359 1513 466 1580; x_wconf 87' lang='lat' dir='ltr'><strong>linguae</strong></span> <span class='ocrx_word' id='word_1_111' title='bbox 485 1517 594 1566; x_wconf 87' lang='lat' dir='ltr'><strong>eentum</strong></span> <span class='ocrx_word' id='word_1_112' title='bbox 614 1512 673 1572; x_wconf 81' lang='lat' dir='ltr'><strong>sint,</strong></span> <span class='ocrx_word' id='word_1_113' title='bbox 693 1529 793 1581; x_wconf 89' lang='lat' dir='ltr'><strong>oraque</strong></span> <span class='ocrx_word' id='word_1_114' title='bbox 811 1518 928 1577; x_wconf 90' lang='lat' dir='ltr'><strong>centum,</strong></span> 
     </span>
    </p>

    <p class='ocr_par' dir='ltr' id='par_1_18' title="bbox 147 1588 864 1657">
     <span class='ocr_line' id='line_1_19' title="bbox 147 1588 864 1657; baseline -0.004 -14"><span class='ocrx_word' id='word_1_115' title='bbox 147 1589 249 1643; x_wconf 82' lang='lat' dir='ltr'><strong>Ferrea</strong></span> <span class='ocrx_word' id='word_1_116' title='bbox 267 1605 333 1651; x_wconf 84' lang='lat' dir='ltr'><strong>vex;</strong></span> <span class='ocrx_word' id='word_1_117' title='bbox 352 1589 425 1655; x_wconf 90' lang='lat' dir='ltr'><strong>ades,</strong></span> <span class='ocrx_word' id='word_1_118' title='bbox 445 1593 473 1642; x_wconf 89' lang='lat' dir='ltr'><strong>et</strong></span> <span class='ocrx_word' id='word_1_119' title='bbox 491 1589 571 1657; x_wconf 88' lang='lat' dir='ltr'><strong>primi</strong></span> <span class='ocrx_word' id='word_1_120' title='bbox 589 1589 650 1656; x_wconf 87' lang='lat' dir='ltr'><strong>lege</strong></span> <span class='ocrx_word' id='word_1_121' title='bbox 669 1588 756 1642; x_wconf 89' lang='lat' dir='ltr'><strong>litoris</strong></span> <span class='ocrx_word' id='word_1_122' title='bbox 774 1606 864 1654; x_wconf 76' lang='lat' dir='ltr'><strong>oram,</strong></span> 
     </span>
    </p>
   </div>
   <div class='ocr_carea' id='block_1_3' title="bbox 52 1663 1003 1730">
    <p class='ocr_par' dir='ltr' id='par_1_19' title="bbox 52 1663 1003 1730">
     <span class='ocr_line' id='line_1_20' title="bbox 52 1663 1003 1730; baseline 0 -12"><span class='ocrx_word' id='word_1_123' title='bbox 52 1713 54 1718; x_wconf 83' lang='lat'><em>.</em></span> <span class='ocrx_word' id='word_1_124' title='bbox 147 1665 180 1718; x_wconf 92' lang='lat' dir='ltr'><strong>ln</strong></span> <span class='ocrx_word' id='word_1_125' title='bbox 199 1663 322 1717; x_wconf 85' lang='lat' dir='ltr'><strong>manibus</strong></span> <span class='ocrx_word' id='word_1_126' title='bbox 341 1669 447 1730; x_wconf 88' lang='lat' dir='ltr'><strong>terrae;</strong></span> <span class='ocrx_word' id='word_1_127' title='bbox 466 1681 519 1716; x_wconf 92' lang='lat' dir='ltr'><strong>non</strong></span> <span class='ocrx_word' id='word_1_128' title='bbox 538 1666 580 1718; x_wconf 92' lang='lat' dir='ltr'><strong>hic</strong></span> <span class='ocrx_word' id='word_1_129' title='bbox 598 1669 627 1718; x_wconf 88' lang='lat' dir='ltr'><strong>te</strong></span> <span class='ocrx_word' id='word_1_130' title='bbox 646 1665 764 1718; x_wconf 86' lang='lat' dir='ltr'><strong>carmine</strong></span> <span class='ocrx_word' id='word_1_131' title='bbox 783 1665 846 1718; x_wconf 89' lang='lat' dir='ltr'><strong>ficto</strong></span> <span class='ocrx_word' id='word_1_132' title='bbox 978 1679 1003 1717; x_wconf 72' lang='lat' dir='ltr'><strong>te</strong></span> 
     </span>
    </p>
   </div>
   <div class='ocr_carea' id='block_1_4' title="bbox 111 1739 1004 3338">
    <p class='ocr_par' dir='ltr' id='par_1_20' title="bbox 147 1739 843 1810">
     <span class='ocr_line' id='line_1_21' title="bbox 147 1739 843 1810; baseline 0 -16"><span class='ocrx_word' id='word_1_133' title='bbox 147 1744 241 1810; x_wconf 83' lang='lat' dir='ltr'><strong>Atque</strong></span> <span class='ocrx_word' id='word_1_134' title='bbox 258 1756 308 1809; x_wconf 92' lang='lat' dir='ltr'><strong>por</strong></span> <span class='ocrx_word' id='word_1_135' title='bbox 327 1739 457 1808; x_wconf 86' lang='lat' dir='ltr'><strong>ambages</strong></span> <span class='ocrx_word' id='word_1_136' title='bbox 476 1744 505 1794; x_wconf 91' lang='lat' dir='ltr'><strong>et</strong></span> <span class='ocrx_word' id='word_1_137' title='bbox 523 1741 603 1808; x_wconf 90' lang='lat' dir='ltr'><strong>longa</strong></span> <span class='ocrx_word' id='word_1_138' title='bbox 622 1759 718 1796; x_wconf 85' lang='lat' dir='ltr'><strong>exorsa</strong></span> <span class='ocrx_word' id='word_1_139' title='bbox 737 1741 843 1795; x_wconf 88' lang='lat' dir='ltr'><strong>tenebo.</strong></span> 
     </span>
    </p>

    <p class='ocr_par' dir='ltr' id='par_1_21' title="bbox 111 1817 1003 2268">
     <span class='ocr_line' id='line_1_22' title="bbox 181 1817 864 1886; baseline 0 -15"><span class='ocrx_word' id='word_1_140' title='bbox 181 1819 283 1886; x_wconf 80' lang='lat' dir='ltr'><strong>Sponte</strong></span> <span class='ocrx_word' id='word_1_141' title='bbox 302 1833 351 1871; x_wconf 86' lang='lat' dir='ltr'><strong>sua</strong></span> <span class='ocrx_word' id='word_1_142' title='bbox 369 1833 438 1886; x_wconf 88' lang='lat' dir='ltr'><strong>quae</strong></span> <span class='ocrx_word' id='word_1_143' title='bbox 458 1835 487 1870; x_wconf 92' lang='lat' dir='ltr'><strong>se</strong></span> <span class='ocrx_word' id='word_1_144' title='bbox 506 1817 606 1870; x_wconf 92' lang='lat' dir='ltr'><strong>tollunt</strong></span> <span class='ocrx_word' id='word_1_145' title='bbox 624 1817 652 1868; x_wconf 92' lang='lat' dir='ltr'><strong>in</strong></span> <span class='ocrx_word' id='word_1_146' title='bbox 671 1817 778 1870; x_wconf 87' lang='lat' dir='ltr'><strong>luminis</strong></span> <span class='ocrx_word' id='word_1_147' title='bbox 797 1833 864 1881; x_wconf 72' lang='lat' dir='ltr'><strong>oras</strong></span> 
     </span>
     <span class='ocr_line' id='line_1_23' title="bbox 149 1891 891 1962; baseline -0.001 -15"><span class='ocrx_word' id='word_1_148' title='bbox 149 1891 297 1947; x_wconf 87' lang='lat' dir='ltr'><strong>lnfcounda</strong></span> <span class='ocrx_word' id='word_1_149' title='bbox 315 1893 433 1962; x_wconf 88' lang='lat' dir='ltr'><strong>quidem,</strong></span> <span class='ocrx_word' id='word_1_150' title='bbox 452 1894 501 1947; x_wconf 88' lang='lat' dir='ltr'><strong>sed</strong></span> <span class='ocrx_word' id='word_1_151' title='bbox 520 1892 593 1946; x_wconf 88' lang='lat' dir='ltr'><strong>laeta</strong></span> <span class='ocrx_word' id='word_1_152' title='bbox 611 1897 640 1947; x_wconf 91' lang='lat' dir='ltr'><strong>et</strong></span> <span class='ocrx_word' id='word_1_153' title='bbox 661 1894 743 1948; x_wconf 85' lang='lat' dir='ltr'><strong>fortia</strong></span> <span class='ocrx_word' id='word_1_154' title='bbox 762 1898 891 1962; x_wconf 90' lang='lat' dir='ltr'><strong>surgunt;</strong></span> 
     </span>
     <span class='ocr_line' id='line_1_24' title="bbox 148 1969 1002 2039; baseline 0.002 -17"><span class='ocrx_word' id='word_1_155' title='bbox 148 1969 253 2038; x_wconf 73' lang='lat' dir='ltr'><strong>Quippe</strong></span> <span class='ocrx_word' id='word_1_156' title='bbox 266 1970 323 2023; x_wconf 88' lang='lat' dir='ltr'><strong>solo</strong></span> <span class='ocrx_word' id='word_1_157' title='bbox 335 1973 434 2024; x_wconf 89' lang='lat' dir='ltr'><strong>natura</strong></span> <span class='ocrx_word' id='word_1_158' title='bbox 446 1969 547 2024; x_wconf 90' lang='lat' dir='ltr'><strong>subest.</strong></span> <span class='ocrx_word' id='word_1_159' title='bbox 588 1970 689 2023; x_wconf 85' lang='lat' dir='ltr'><strong>Tamen</strong></span> <span class='ocrx_word' id='word_1_160' title='bbox 702 1970 770 2024; x_wconf 87' lang='lat' dir='ltr'><strong>haee</strong></span> <span class='ocrx_word' id='word_1_161' title='bbox 782 1988 896 2039; x_wconf 82' lang='lat' dir='ltr'><strong>quoque,</strong></span> <span class='ocrx_word' id='word_1_162' title='bbox 909 1972 931 2023; x_wconf 90' lang='lat' dir='ltr'><strong>si</strong></span> <span class='ocrx_word' id='word_1_163' title='bbox 944 1970 1002 2038; x_wconf 88' lang='lat' dir='ltr'><strong>quis</strong></span> 
     </span>
     <span class='ocr_line' id='line_1_25' title="bbox 149 2045 1003 2114; baseline 0.002 -16"><span class='ocrx_word' id='word_1_164' title='bbox 149 2046 264 2114; x_wconf 85' lang='lat' dir='ltr'><strong>lnsorat,</strong></span> <span class='ocrx_word' id='word_1_165' title='bbox 285 2051 332 2100; x_wconf 88' lang='lat' dir='ltr'><strong>aut</strong></span> <span class='ocrx_word' id='word_1_166' title='bbox 351 2045 490 2100; x_wconf 80' lang='lat' dir='ltr'><strong>scrobibus</strong></span> <span class='ocrx_word' id='word_1_167' title='bbox 508 2046 622 2100; x_wconf 88' lang='lat' dir='ltr'><strong>mandet</strong></span> <span class='ocrx_word' id='word_1_168' title='bbox 639 2051 746 2100; x_wconf 87' lang='lat' dir='ltr'><strong>mutata</strong></span> <span class='ocrx_word' id='word_1_169' title='bbox 764 2047 890 2113; x_wconf 84' lang='lat' dir='ltr'><strong>subactis,</strong></span> <span class='ocrx_word' id='word_1_170' title='bbox 978 2059 1003 2100; x_wconf 80' lang='lat' dir='ltr'><strong>ee</strong></span> 
     </span>
     <span class='ocr_line' id='line_1_26' title="bbox 111 2121 901 2191; baseline 0.001 -16"><span class='ocrx_word' id='word_1_171' title='bbox 111 2167 115 2175; x_wconf 94' lang='lat'>.</span> <span class='ocrx_word' id='word_1_172' title='bbox 149 2121 282 2175; x_wconf 83' lang='lat' dir='ltr'><strong>Execrint</strong></span> <span class='ocrx_word' id='word_1_173' title='bbox 301 2123 454 2176; x_wconf 78' lang='lat' dir='ltr'><strong>silvestrem</strong></span> <span class='ocrx_word' id='word_1_174' title='bbox 473 2122 599 2188; x_wconf 89' lang='lat' dir='ltr'><strong>animum,</strong></span> <span class='ocrx_word' id='word_1_175' title='bbox 618 2123 747 2191; x_wconf 89' lang='lat' dir='ltr'><strong>cultuque</strong></span> <span class='ocrx_word' id='word_1_176' title='bbox 765 2124 901 2191; x_wconf 79' lang='lat' dir='ltr'><strong>frequenti</strong></span> 
     </span>
     <span class='ocr_line' id='line_1_27' title="bbox 148 2198 930 2268; baseline 0 -16"><span class='ocrx_word' id='word_1_177' title='bbox 148 2199 181 2252; x_wconf 96' lang='lat' dir='ltr'><strong>ln</strong></span> <span class='ocrx_word' id='word_1_178' title='bbox 201 2213 385 2266; x_wconf 90' lang='lat' dir='ltr'><strong>quascumque</strong></span> <span class='ocrx_word' id='word_1_179' title='bbox 404 2215 482 2252; x_wconf 85' lang='lat' dir='ltr'><strong>voces</strong></span> <span class='ocrx_word' id='word_1_180' title='bbox 501 2198 568 2252; x_wconf 90' lang='lat' dir='ltr'><strong>artis</strong></span> <span class='ocrx_word' id='word_1_181' title='bbox 586 2199 660 2252; x_wconf 89' lang='lat' dir='ltr'><strong>haud</strong></span> <span class='ocrx_word' id='word_1_182' title='bbox 678 2199 759 2252; x_wconf 90' lang='lat' dir='ltr'><strong>tarda</strong></span> <span class='ocrx_word' id='word_1_183' title='bbox 777 2204 930 2268; x_wconf 86' lang='lat' dir='ltr'><strong>sequentur.</strong></span> 
     </span>
    </p>

    <p class='ocr_par' dir='ltr' id='par_1_22' title="bbox 148 2275 899 2344">
     <span class='ocr_line' id='line_1_28' title="bbox 148 2275 899 2344; baseline 0 -16"><span class='ocrx_word' id='word_1_184' title='bbox 148 2275 172 2328; x_wconf 95' lang='lat' dir='ltr'>N</span> <span class='ocrx_word' id='word_1_185' title='bbox 175 2291 206 2329; x_wconf 89' lang='lat' dir='ltr'><strong>eo</strong></span> <span class='ocrx_word' id='word_1_186' title='bbox 224 2291 276 2328; x_wconf 92' lang='lat' dir='ltr'><strong>nen</strong></span> <span class='ocrx_word' id='word_1_187' title='bbox 296 2281 324 2328; x_wconf 90' lang='lat' dir='ltr'><strong>et</strong></span> <span class='ocrx_word' id='word_1_188' title='bbox 343 2275 449 2342; x_wconf 76' lang='lat' dir='ltr'><strong>sterilia,</strong></span> <span class='ocrx_word' id='word_1_189' title='bbox 469 2292 538 2344; x_wconf 90' lang='lat' dir='ltr'><strong>quae</strong></span> <span class='ocrx_word' id='word_1_190' title='bbox 558 2275 688 2343; x_wconf 86' lang='lat' dir='ltr'><strong>stirpibus</strong></span> <span class='ocrx_word' id='word_1_191' title='bbox 706 2276 763 2329; x_wconf 87' lang='lat' dir='ltr'><strong>exit</strong></span> <span class='ocrx_word' id='word_1_192' title='bbox 780 2275 814 2328; x_wconf 89' lang='lat' dir='ltr'><strong>ab</strong></span> <span class='ocrx_word' id='word_1_193' title='bbox 832 2277 899 2344; x_wconf 89' lang='lat' dir='ltr'><strong>imis,</strong></span> 
     </span>
    </p>

    <p class='ocr_par' dir='ltr' id='par_1_23' title="bbox 148 2349 836 2420">
     <span class='ocr_line' id='line_1_29' title="bbox 148 2349 836 2420; baseline 0.001 -16"><span class='ocrx_word' id='word_1_194' title='bbox 148 2352 209 2405; x_wconf 87' lang='lat' dir='ltr'><strong>lloe</strong></span> <span class='ocrx_word' id='word_1_195' title='bbox 226 2349 314 2417; x_wconf 84' lang='lat' dir='ltr'><strong>faciet,</strong></span> <span class='ocrx_word' id='word_1_196' title='bbox 334 2367 432 2406; x_wconf 75' lang='lat' dir='ltr'><strong>euersos</strong></span> <span class='ocrx_word' id='word_1_197' title='bbox 451 2353 472 2405; x_wconf 90' lang='lat' dir='ltr'><strong>si</strong></span> <span class='ocrx_word' id='word_1_198' title='bbox 492 2351 527 2405; x_wconf 90' lang='lat' dir='ltr'><strong>sit</strong></span> <span class='ocrx_word' id='word_1_199' title='bbox 546 2351 653 2418; x_wconf 90' lang='lat' dir='ltr'><strong>digesta</strong></span> <span class='ocrx_word' id='word_1_200' title='bbox 672 2369 721 2420; x_wconf 90' lang='lat' dir='ltr'><strong>per</strong></span> <span class='ocrx_word' id='word_1_201' title='bbox 740 2369 836 2420; x_wconf 88' lang='lat' dir='ltr'><strong>agros;</strong></span> 
     </span>
    </p>

    <p class='ocr_par' dir='ltr' id='par_1_24' title="bbox 148 2427 1004 2574">
     <span class='ocr_line' id='line_1_30' title="bbox 148 2427 1004 2497; baseline 0.001 -15"><span class='ocrx_word' id='word_1_202' title='bbox 148 2429 173 2482; x_wconf 93' lang='lat' dir='ltr'>N</span> <span class='ocrx_word' id='word_1_203' title='bbox 176 2445 227 2483; x_wconf 90' lang='lat' dir='ltr'><strong>une</strong></span> <span class='ocrx_word' id='word_1_204' title='bbox 246 2429 318 2483; x_wconf 88' lang='lat' dir='ltr'><strong>altae</strong></span> <span class='ocrx_word' id='word_1_205' title='bbox 337 2427 446 2482; x_wconf 89' lang='lat' dir='ltr'><strong>frondes</strong></span> <span class='ocrx_word' id='word_1_206' title='bbox 465 2434 494 2482; x_wconf 89' lang='lat' dir='ltr'><strong>et</strong></span> <span class='ocrx_word' id='word_1_207' title='bbox 512 2427 580 2480; x_wconf 91' lang='lat' dir='ltr'><strong>rami</strong></span> <span class='ocrx_word' id='word_1_208' title='bbox 598 2429 693 2482; x_wconf 88' lang='lat' dir='ltr'><strong>matris</strong></span> <span class='ocrx_word' id='word_1_209' title='bbox 712 2434 833 2497; x_wconf 86' lang='lat' dir='ltr'><strong>opacant,</strong></span> <span class='ocrx_word' id='word_1_210' title='bbox 980 2445 1004 2483; x_wconf 81' lang='lat' dir='ltr'><strong>oe</strong></span> 
     </span>
     <span class='ocr_line' id='line_1_31' title="bbox 149 2503 901 2574; baseline 0 -14"><span class='ocrx_word' id='word_1_211' title='bbox 149 2506 343 2573; x_wconf 71' lang='lat' dir='ltr'><strong>Srescentiquo</strong></span> <span class='ocrx_word' id='word_1_212' title='bbox 362 2503 487 2558; x_wconf 91' lang='lat' dir='ltr'><strong>adinnmt</strong></span> <span class='ocrx_word' id='word_1_213' title='bbox 506 2506 586 2571; x_wconf 86' lang='lat' dir='ltr'><strong>setus,</strong></span> <span class='ocrx_word' id='word_1_214' title='bbox 604 2510 741 2574; x_wconf 83' lang='lat' dir='ltr'><strong>uumtque</strong></span> <span class='ocrx_word' id='word_1_215' title='bbox 759 2507 901 2560; x_wconf 82' lang='lat' dir='ltr'><strong>serentem.</strong></span> 
     </span>
    </p>

    <p class='ocr_par' dir='ltr' id='par_1_25' title="bbox 149 2581 848 2652">
     <span class='ocr_line' id='line_1_32' title="bbox 149 2581 848 2652; baseline 0.001 -17"><span class='ocrx_word' id='word_1_216' title='bbox 149 2581 216 2649; x_wconf 87' lang='lat' dir='ltr'><strong>Iam,</strong></span> <span class='ocrx_word' id='word_1_217' title='bbox 235 2597 305 2650; x_wconf 88' lang='lat' dir='ltr'><strong>quae</strong></span> <span class='ocrx_word' id='word_1_218' title='bbox 325 2581 471 2634; x_wconf 88' lang='lat' dir='ltr'><strong>seminibus</strong></span> <span class='ocrx_word' id='word_1_219' title='bbox 490 2582 567 2634; x_wconf 88' lang='lat' dir='ltr'><strong>iactis</strong></span> <span class='ocrx_word' id='word_1_220' title='bbox 585 2598 615 2634; x_wconf 89' lang='lat' dir='ltr'><strong>se</strong></span> <span class='ocrx_word' id='word_1_221' title='bbox 634 2583 743 2636; x_wconf 87' lang='lat' dir='ltr'><strong>sustulit</strong></span> <span class='ocrx_word' id='word_1_222' title='bbox 760 2583 848 2652; x_wconf 88' lang='lat' dir='ltr'><strong>arbos,</strong></span> 
     </span>
    </p>

    <p class='ocr_par' dir='ltr' id='par_1_26' title="bbox 148 2657 859 2805">
     <span class='ocr_line' id='line_1_33' title="bbox 148 2657 859 2728; baseline 0.006 -18"><span class='ocrx_word' id='word_1_223' title='bbox 148 2658 238 2711; x_wconf 85' lang='lat' dir='ltr'><strong>&#39;larda</strong></span> <span class='ocrx_word' id='word_1_224' title='bbox 255 2657 335 2722; x_wconf 82' lang='lat' dir='ltr'><strong>venit,</strong></span> <span class='ocrx_word' id='word_1_225' title='bbox 356 2658 423 2710; x_wconf 84' lang='lat' dir='ltr'><strong>seris</strong></span> <span class='ocrx_word' id='word_1_226' title='bbox 441 2657 547 2711; x_wconf 85' lang='lat' dir='ltr'><strong>factura</strong></span> <span class='ocrx_word' id='word_1_227' title='bbox 565 2659 711 2726; x_wconf 85' lang='lat' dir='ltr'><strong>nepotibus</strong></span> <span class='ocrx_word' id='word_1_228' title='bbox 727 2659 859 2728; x_wconf 89' lang='lat' dir='ltr'><strong>umbram,</strong></span> 
     </span>
     <span class='ocr_line' id='line_1_34' title="bbox 149 2733 806 2805; baseline 0.003 -17"><span class='ocrx_word' id='word_1_229' title='bbox 149 2734 287 2804; x_wconf 89' lang='lat' dir='ltr'><strong>Pomaque</strong></span> <span class='ocrx_word' id='word_1_230' title='bbox 307 2735 477 2802; x_wconf 88' lang='lat' dir='ltr'><strong>degenerant</strong></span> <span class='ocrx_word' id='word_1_231' title='bbox 496 2751 573 2788; x_wconf 88' lang='lat' dir='ltr'><strong>sucos</strong></span> <span class='ocrx_word' id='word_1_232' title='bbox 592 2733 677 2790; x_wconf 88' lang='lat' dir='ltr'><strong>oblita</strong></span> <span class='ocrx_word' id='word_1_233' title='bbox 695 2736 806 2805; x_wconf 87' lang='lat' dir='ltr'><strong>priores,</strong></span> 
     </span>
    </p>

    <p class='ocr_par' dir='ltr' id='par_1_27' title="bbox 149 2811 1003 2880">
     <span class='ocr_line' id='line_1_35' title="bbox 149 2811 1003 2880; baseline 0 -16"><span class='ocrx_word' id='word_1_234' title='bbox 149 2811 186 2864; x_wconf 87' lang='lat' dir='ltr'><strong>Et</strong></span> <span class='ocrx_word' id='word_1_235' title='bbox 203 2811 292 2880; x_wconf 88' lang='lat' dir='ltr'><strong>turpis</strong></span> <span class='ocrx_word' id='word_1_236' title='bbox 309 2811 403 2864; x_wconf 85' lang='lat' dir='ltr'><strong>avibus</strong></span> <span class='ocrx_word' id='word_1_237' title='bbox 421 2811 551 2879; x_wconf 88' lang='lat' dir='ltr'><strong>praedam</strong></span> <span class='ocrx_word' id='word_1_238' title='bbox 570 2812 694 2866; x_wconf 75' lang='lat' dir='ltr'><strong>fertura</strong></span> <span class='ocrx_word' id='word_1_239' title='bbox 712 2829 839 2868; x_wconf 86' lang='lat' dir='ltr'><strong>racemos.</strong></span> <span class='ocrx_word' id='word_1_240' title='bbox 979 2826 1003 2864; x_wconf 79' lang='lat' dir='ltr'><strong>ee</strong></span> 
     </span>
    </p>

    <p class='ocr_par' dir='ltr' id='par_1_28' title="bbox 149 2887 1003 3338">
     <span class='ocr_line' id='line_1_36' title="bbox 183 2887 962 2957; baseline 0.001 -15"><span class='ocrx_word' id='word_1_241' title='bbox 183 2888 290 2942; x_wconf 82' lang='lat' dir='ltr'><strong>Scilicet</strong></span> <span class='ocrx_word' id='word_1_242' title='bbox 309 2887 432 2942; x_wconf 90' lang='lat' dir='ltr'><strong>omnibus</strong></span> <span class='ocrx_word' id='word_1_243' title='bbox 451 2891 493 2941; x_wconf 90' lang='lat' dir='ltr'><strong>est</strong></span> <span class='ocrx_word' id='word_1_244' title='bbox 511 2887 589 2941; x_wconf 88' lang='lat' dir='ltr'><strong>labor</strong></span> <span class='ocrx_word' id='word_1_245' title='bbox 606 2889 803 2957; x_wconf 87' lang='lat' dir='ltr'><strong>inpendendus,</strong></span> <span class='ocrx_word' id='word_1_246' title='bbox 822 2894 851 2944; x_wconf 91' lang='lat' dir='ltr'><strong>et</strong></span> <span class='ocrx_word' id='word_1_247' title='bbox 869 2907 962 2943; x_wconf 91' lang='lat' dir='ltr'><strong>omnes</strong></span> 
     </span>
     <span class='ocr_line' id='line_1_37' title="bbox 151 2965 944 3032; baseline 0 -12"><span class='ocrx_word' id='word_1_248' title='bbox 151 2965 294 3032; x_wconf 80' lang='lat' dir='ltr'><strong>Cogendae</strong></span> <span class='ocrx_word' id='word_1_249' title='bbox 312 2965 339 3018; x_wconf 93' lang='lat' dir='ltr'><strong>in</strong></span> <span class='ocrx_word' id='word_1_250' title='bbox 358 2965 469 3032; x_wconf 74' lang='lat' dir='ltr'><strong>arricum,</strong></span> <span class='ocrx_word' id='word_1_251' title='bbox 487 2981 518 3017; x_wconf 86' lang='lat' dir='ltr'><strong>ae</strong></span> <span class='ocrx_word' id='word_1_252' title='bbox 537 2965 624 3018; x_wconf 89' lang='lat' dir='ltr'><strong>multa</strong></span> <span class='ocrx_word' id='word_1_253' title='bbox 641 2967 767 3020; x_wconf 90' lang='lat' dir='ltr'><strong>mercede</strong></span> <span class='ocrx_word' id='word_1_254' title='bbox 786 2967 944 3021; x_wconf 83' lang='lat' dir='ltr'><strong>domandae.</strong></span> 
     </span>
     <span class='ocr_line' id='line_1_38' title="bbox 149 3041 795 3111; baseline 0.005 -17"><span class='ocrx_word' id='word_1_255' title='bbox 149 3041 204 3094; x_wconf 87' lang='lat' dir='ltr'><strong>Sed</strong></span> <span class='ocrx_word' id='word_1_256' title='bbox 222 3042 325 3094; x_wconf 89' lang='lat' dir='ltr'><strong>truncis</strong></span> <span class='ocrx_word' id='word_1_257' title='bbox 344 3041 418 3095; x_wconf 89' lang='lat' dir='ltr'><strong>eleae</strong></span> <span class='ocrx_word' id='word_1_258' title='bbox 437 3041 540 3109; x_wconf 88' lang='lat' dir='ltr'><strong>melius,</strong></span> <span class='ocrx_word' id='word_1_259' title='bbox 560 3044 707 3111; x_wconf 85' lang='lat' dir='ltr'><strong>propagine</strong></span> <span class='ocrx_word' id='word_1_260' title='bbox 726 3044 795 3098; x_wconf 88' lang='lat' dir='ltr'><strong>vites</strong></span> 
     </span>
     <span class='ocr_line' id='line_1_39' title="bbox 150 3117 888 3189; baseline 0.007 -19"><span class='ocrx_word' id='word_1_261' title='bbox 150 3117 337 3186; x_wconf 83' lang='lat' dir='ltr'><strong>Respondent,</strong></span> <span class='ocrx_word' id='word_1_262' title='bbox 356 3117 441 3170; x_wconf 91' lang='lat' dir='ltr'><strong>solido</strong></span> <span class='ocrx_word' id='word_1_263' title='bbox 462 3119 581 3187; x_wconf 89' lang='lat' dir='ltr'><strong>Paphiae</strong></span> <span class='ocrx_word' id='word_1_264' title='bbox 599 3120 635 3173; x_wconf 91' lang='lat' dir='ltr'><strong>de</strong></span> <span class='ocrx_word' id='word_1_265' title='bbox 653 3120 751 3174; x_wconf 91' lang='lat' dir='ltr'><strong>robore</strong></span> <span class='ocrx_word' id='word_1_266' title='bbox 770 3126 888 3189; x_wconf 89' lang='lat' dir='ltr'><strong>myrtus;</strong></span> 
     </span>
     <span class='ocr_line' id='line_1_40' title="bbox 149 3192 1003 3265; baseline 0.008 -20"><span class='ocrx_word' id='word_1_267' title='bbox 149 3192 253 3246; x_wconf 86' lang='lat' dir='ltr'><strong>Plantis</strong></span> <span class='ocrx_word' id='word_1_268' title='bbox 271 3197 300 3247; x_wconf 91' lang='lat' dir='ltr'><strong>et</strong></span> <span class='ocrx_word' id='word_1_269' title='bbox 318 3195 403 3247; x_wconf 87' lang='lat' dir='ltr'><strong>durae</strong></span> <span class='ocrx_word' id='word_1_270' title='bbox 422 3195 502 3263; x_wconf 70' lang='lat' dir='ltr'><strong>coryli</strong></span> <span class='ocrx_word' id='word_1_271' title='bbox 522 3200 678 3264; x_wconf 85' lang='lat' dir='ltr'><strong>nascuntur,</strong></span> <span class='ocrx_word' id='word_1_272' title='bbox 697 3201 726 3250; x_wconf 90' lang='lat' dir='ltr'><strong>et</strong></span> <span class='ocrx_word' id='word_1_273' title='bbox 743 3199 838 3265; x_wconf 82' lang='lat' dir='ltr'><strong>ingens</strong></span> <span class='ocrx_word' id='word_1_274' title='bbox 983 3208 1003 3246; x_wconf 74' lang='lat'><strong>⁶⁵</strong></span> 
     </span>
     <span class='ocr_line' id='line_1_41' title="bbox 150 3269 899 3338; baseline 0.003 -16"><span class='ocrx_word' id='word_1_275' title='bbox 150 3269 292 3335; x_wconf 67' lang='lat' dir='ltr'><strong>Fraxinus</strong></span> <span class='ocrx_word' id='word_1_276' title='bbox 311 3270 516 3338; x_wconf 89' lang='lat' dir='ltr'><strong>Herculeaeque</strong></span> <span class='ocrx_word' id='word_1_277' title='bbox 534 3271 616 3325; x_wconf 88' lang='lat' dir='ltr'><strong>arbos</strong></span> <span class='ocrx_word' id='word_1_278' title='bbox 633 3273 762 3326; x_wconf 89' lang='lat' dir='ltr'><strong>umbrosa</strong></span> <span class='ocrx_word' id='word_1_279' title='bbox 778 3289 899 3338; x_wconf 87' lang='lat' dir='ltr'><strong>coronae,</strong></span> 
     </span>
    </p>
   </div>
   <div class='ocr_carea' id='block_1_5' title="bbox 0 0 1139 3562">
    <p class='ocr_par' dir='ltr' id='par_1_29' title="bbox 0 0 1139 3562">
     <span class='ocr_line' id='line_1_42' title="bbox 0 0 1139 3562; baseline 0 0"><span class='ocrx_word' id='word_1_280' title='bbox 0 0 1139 3562; x_wconf 95' lang='lat' dir='ltr'><strong> </strong></span> 
     </span>
    </p>
   </div>
  </div>
 </body>
</html>
