2290 3568
134 121 182 169 252
364 117 391 164 P.
415 115 567 164 VERGILI
591 114 757 164 MARONIS

134 202 215 254 Stant
232 198 320 266 longis
337 197 431 250 adnixi
449 197 535 251 hastis
553 200 582 251 et
600 201 678 251 scuta
695 201 821 250 tenentes

135 277 293 330 Castrorum
312 277 340 328 et
358 274 446 342 campi
464 273 562 327 medio.
598 274 667 327 Tum
686 274 769 328 Nisus
787 278 816 328 ct
834 291 888 328 una
948 287 986 327 aso

136 352 267 419 Euryalus
285 351 428 404 confestim
447 350 552 403 alacres
570 350 713 404 admittier
731 355 825 415 oraut;

135 429 205 482 Rem
223 444 356 495 magnam,
376 427 550 496 pretiumque
568 443 660 480 morae
678 427 744 481 fore,
781 427 889 479 Primus
909 426 985 478 Inlns

137 505 252 573 Accepit
270 504 401 572 trepidos,
420 520 451 556 ac
469 503 568 557 Nisum
587 503 679 556 dicere
696 503 783 558 iussit.
823 511 826 518 '

135 582 203 634 Tum
221 582 260 634 sic
280 581 457 648 Hyrtacides:
477 580 583 634 Audite
601 597 617 632 o
635 580 773 634 mentibus
790 582 891 649 aequis,

136 658 291 725 Aeneadae,
309 673 378 710 neve
396 657 463 710 haec
481 657 582 710 nostris
600 661 758 725 spectentur
776 657 811 710 ab
828 658 912 724 annis,
949 670 985 708 aas

135 734 211 798 Quae
228 734 348 788 ierimus.
385 734 481 788 Rutuli
501 749 595 786 somno
614 733 731 802 vinoque
750 734 832 788 soluti

68 873 71 880 ‚
135 812 311 875 Conticuero;
335 811 423 863 locum
441 810 548 864 insidiis
566 811 757 879 conspeximus
775 811 834 880 ipsi,

136 886 188 949 (lui
205 890 283 955 patet
301 887 329 938 in
348 886 421 940 bivio
439 890 543 956 portae,
561 903 631 954 qnae
649 903 782 956 proxuma
799 890 898 955 pont03

139 963 289 1032 interrupti
308 964 393 1029 ignes,
412 967 527 1030 aterque
545 962 582 1016 ad
600 963 691 1016 sidera
708 963 799 1016 furnus

137 1039 273 1107 Erigitur;
298 1040 320 1092 si
338 1040 448 1093 fortuna
466 1039 628 1107 permittitis
646 1039 695 1104 uti,
948 1052 985 1090 aso

136 1115 296 1178 Quaesitum
316 1118 431 1169 Aenean
450 1121 478 1169 et
497 1115 604 1168 moenia
623 1115 776 1170 Pallantea:

135 1191 201 1244 Mox
219 1192 263 1245 hie
281 1209 343 1245 enm
361 1192 462 1261 spoliis,
481 1192 585 1259 ingenti
604 1191 688 1244 caede
706 1195 823 1259 peracta,

137 1268 242 1322 Adlore
260 1269 388 1323 cernetis.
425 1268 451 1321 N
455 1285 485 1322 ee
502 1285 552 1322 nos
570 1268 613 1321 iia
631 1268 701 1321 fallit
719 1269 823 1322 cuntis:

136 1345 262 1399 Vidimus
280 1345 402 1398 obscuris
419 1346 536 1413 primam
555 1344 606 1398 sub
624 1344 739 1398 vallibus
757 1345 851 1398 urbem

136 1421 245 1476 Venatu
263 1422 378 1475 adsiduo
397 1425 426 1475 et
443 1425 532 1475 totum
550 1421 724 1489 cognovimus
742 1438 854 1475 amnem.
949 1436 985 1474 ass

141 1498 191 1552 llic
208 1499 285 1552 annis
302 1499 392 1566 gravis
411 1501 495 1566 atque
512 1497 595 1550 animi
613 1501 737 1550 maturus
756 1498 863 1551 Aletes:

138 1574 172 1627 lli
190 1576 279 1644 patrii,
298 1592 413 1644 qnorum
431 1591 540 1642 semper
558 1573 608 1626 sub
626 1574 737 1627 numine
755 1574 834 1626 Troia
852 1577 901 1642 cst,

138 1649 199 1704 Non
216 1657 308 1705 tamen
327 1651 435 1704 ommno
454 1650 571 1704 Teucros
590 1649 682 1703 delore
701 1651 811 1718 paratis,

138 1727 206 1780 Cum
223 1728 285 1782 talis
304 1728 407 1781 animos
426 1728 554 1780 iuvenum
572 1730 677 1780 ettam
695 1730 771 1780 certa
788 1727 892 1780 tulistis

139 1803 258 1858 Pectora.
276 1835 310 1842 -
330 1805 373 1858 Sic
403 1819 564 1863 memorans,
592 1803 719 1856 humeros
749 1803 917 1871 dextrasque
946 1808 985 1858 te

205 1881 289 1934 nebat
950 1895 986 1932 250

139 1955 297 2022 Amborum‚
316 1959 345 2010 et
363 1956 466 2009 voltum
485 1955 603 2008 lacrimis
621 1959 705 2023 atque
723 1971 770 2008 ora
788 1955 938 2022 rigabat.-

138 2030 214 2094 Quae
231 2032 315 2098 vobis,
334 2048 404 2100 qnae
422 2032 512 2098 digna,
532 2031 590 2096 viri,
608 2048 657 2098 pro
676 2030 802 2084 laudibus
821 2032 881 2084 istis

139 2107 262 2161 Praemia
279 2125 358 2176 posse
376 2125 438 2160 rear
457 2108 541 2160 solvil
565 2107 747 2176 pulcherrima
764 2108 882 2177 primum

141 2183 172 2236 Di
190 2201 333 2253 moresque
351 2184 457 2237 dabunt
475 2183 575 2247 vestri;
599 2187 658 2236 tnnr
676 2187 769 2237 cetera
786 2183 887 2237 reddet

140 2262 272 2314 Actutum
290 2262 351 2329 pius
371 2263 479 2312 Aeneas
498 2263 583 2326 atquc
601 2259 709 2327 integer
727 2261 786 2313 aevi
950 2275 986 2312 ass

140 2339 279 2402 Ascanius,
298 2337 389 2390 meriti
409 2336 479 2388 tanti
497 2352 549 2387 non
568 2336 702 2389 inmemor
719 2353 855 2404 umquam.

140 2414 225 2466 lmmo
244 2431 293 2481 ego
312 2429 366 2479 vos,
385 2411 427 2465 cui
446 2411 503 2464 sola
521 2411 593 2464 salus
616 2412 741 2478 genitore
760 2413 882 2481 reducto,

138 2489 247 2557 llxcipit
267 2489 407 2553 Ascanius,
424 2503 474 2554 per
492 2503 611 2552 magnos,
633 2488 706 2553 Nise,
727 2488 837 2542 Penatis

140 2566 321 2632 Assaracique
341 2565 438 2617 Larem
457 2565 486 2615 et
504 2578 587 2614 canae
604 2564 757 2630 penetralia
776 2565 879 2619 Vestae

138 2640 282 2705 0btestor;
307 2655 494 2708 quaecumque
512 2638 578 2691 mihi
595 2638 706 2692 fortuna
723 2640 847 2709 fidesque
866 2652 914 2708 est,
951 2659 987 2697 mo

139 2716 171 2768 ln
190 2718 288 2770 restris
306 2733 377 2785 pono
394 2715 519 2784 gremiis:
545 2720 671 2769 revocate
689 2722 837 2784 parentem,

138 2793 258 2847 lleddlte
276 2798 466 2862 conspectnm;
490 2791 557 2845 nihil
576 2792 622 2845 illo
640 2794 720 2848 triste
738 2800 855 2864 recepto.

138 2869 207 2923 Bina
224 2870 295 2924 dabo
314 2875 429 2938 argento
446 2869 570 2938 perlecta
587 2873 671 2940 atque
689 2889 786 2940 aspera
804 2873 888 2940 signis

138 2945 245 3012 Pocula,
265 2948 373 3001 devicta
390 2947 499 3014 genitor
517 2962 588 3013 quae
607 2948 680 3016 cepit
701 2948 808 3014 Arisba,

137 3023 173 3076 nt
192 3024 316 3092 tripodas
334 3025 464 3092 geminos,
483 3023 542 3076 auri
562 3023 616 3077 dno
635 3041 733 3092 magna
751 3025 862 3089 talenta,
949 3040 985 3079 ast

136 3099 253 3153 Cratera
270 3100 421 3169 antiquum,
440 3116 522 3168 quem
541 3099 590 3154 dat
610 3101 721 3155 Sidonia
741 3101 820 3154 llido.

136 3174 164 3228 Si
184 3192 248 3230 vero
266 3194 364 3247 capere
384 3177 492 3232 ltaliam
512 3179 682 3246 sceptrisque
701 3177 782 3244 potiri
