2268 3570
336 535 364 584 P.
385 536 538 584 VERGILI
556 535 722 585 MARONIS

298 704 766 781 AENEIDOS

335 903 451 955 LlBlllt
470 902 729 957 DUODEGIMUS.

481 1060 580 1087 ——e—

110 1174 225 1227 'l'unuus
243 1178 275 1227 ut
292 1175 422 1228 infractos
439 1176 554 1230 adverso
572 1177 664 1230 Marte
682 1175 794 1229 Latinos

111 1249 248 1302 Delecisse
266 1249 349 1317 videt,
367 1268 416 1304 sua
434 1269 505 1305 nune
522 1253 655 1320 promissa
673 1252 788 1320 reposci,¹

111 1325 146 1378 Se
164 1326 266 1392 signari
284 1326 374 1393 oeulis,
393 1327 466 1380 ultro
484 1326 652 1395 inplacabilis
670 1328 758 1394 ardet,

111 1401 278 1469 Attollitque
296 1403 406 1455 animos.
445 1403 597 1456 Poenorum
615 1403 703 1471 qualis
721 1404 750 1456 in
767 1405 840 1457 arvis

111 1475 223 1530 Saucius
240 1477 286 1530 ille
304 1478 380 1544 gravi
397 1482 545 1531 venantum
564 1479 673 1532 volnere
690 1483 787 1546 peetus
954 1493 966 1533 t

111 1551 179 1606 'I'um
198 1553 308 1606 demum
326 1558 417 1607 movet
435 1571 511 1607 arma
528 1555 579 1621 leo,
597 1554 754 1622 gaudetque
773 1554 905 1609 comantis

112 1629 260 1682 Excutiens
278 1630 382 1684 cervice
399 1633 481 1698 toros,
500 1630 640 1698 fixumque
659 1631 773 1684 latronis

113 1705 260 1772 Inpavidus
278 1707 379 1774 trangit
397 1707 490 1773 telum,
509 1711 538 1760 et
555 1707 649 1760 fremit
667 1723 714 1760 ore
731 1711 858 1760 cruento:

113 1781 195 1836 Haud
213 1799 289 1834 secus
308 1799 420 1836 accenso
437 1783 527 1850 gliscit
544 1783 673 1836 violentia
691 1783 788 1834 Turno.

111 1857 178 1908 Turn
197 1857 235 1909 sie
254 1858 364 1910 adfatur
381 1874 483 1926 regem,
502 1863 585 1926 atque
603 1859 643 1912 ita
661 1857 789 1911 turbidus
807 1858 883 1912 infit:
940 1873 965 1912 ιο

114 1933 193 1985 Nulla
205 1948 281 1985 mera
293 1934 320 1985 in
333 1934 441 1998 'lurn03
459 1935 526 1986 nihil
539 1940 589 2001 est,
603 1934 677 2003 quod
690 1935 764 1987 dicta
776 1937 928 1986 retractent

115 2009 208 2075 lgnavi
228 2009 383 2072 Aeneadae,
402 2027 460 2077 nec,
479 2026 549 2078 quae
567 2011 705 2078 pepigere,
724 2014 859 2062 recusent.

112 2085 289 2151 Congredior.
326 2085 380 2139 Fer
398 2102 482 2153 sacra,
499 2090 586 2156 pater,
605 2091 633 2140 et
651 2088 761 2155 concipe
779 2087 883 2141 foedus.

113 2161 171 2213 Aut
188 2160 238 2214 hae
257 2161 426 2215 Dardanium
445 2162 545 2216 dextra
562 2161 613 2216 sub
632 2163 745 2216 Tartara
762 2163 878 2228 mittam,

111 2236 286 2290 Desertorem
307 2237 548 2302 Asiae—sedeant
566 2242 746 2307 spectentque
765 2238 890 2291 Latini-
941 2253 965 2291 rs

112 2313 148 2365 nt
166 2312 239 2365 solus
256 2313 329 2366 ferro
348 2314 450 2366 crimen
468 2330 610 2366 commune
628 2313 769 2378 refellam}

113 2391 172 2442 Aut
189 2389 289 2442 habeat
307 2389 401 2454 victos,
421 2388 502 2442 cedat
521 2389 632 2441 Lavinia
650 2389 773 2442 coniunx.

147 2465 201 2517 Olli
221 2465 316 2517 sedato
334 2465 477 2532 respondit
494 2464 577 2518 corde
596 2464 727 2518 Latinus:

112 2541 135 2593 Ο
155 2544 299 2608 praestans
317 2540 400 2593 animi
418 2541 530 2606 iuvenis,
549 2543 682 2608 quantum
700 2541 758 2607 ipse
776 2539 861 2593 feroci

112 2617 225 2670 Virtute
238 2633 392 2684 exsuperas,
406 2619 484 2669 tanto
496 2632 540 2669 me
551 2615 690 2684 inpensius
702 2632 820 2684 aequum
836 2619 879 2670 est
943 2620 967 2658 2⁰

112 2692 267 2758 Oonsulere,
287 2696 370 2760 atque
388 2693 482 2756 omnis,
493 2695 662 2746 metuentem
681 2691 836 2759 expendere
854 2709 939 2745 casus

113 2769 182 2822 Sunt
199 2768 250 2821 tibi
269 2785 353 2836 regna
370 2769 458 2836 patris
477 2767 575 2833 Dauni,
594 2770 657 2820 sunt
675 2768 776 2836 oppida
793 2773 873 2836 capta

113 2844 201 2897 Multa
212 2862 295 2897 manu
306 2865 312 2909 ;
330 2862 379 2898 nec
391 2861 444 2897 non
456 2860 608 2913 aurumque
620 2844 780 2912 animusque
794 2844 890 2897 Latino
902 2850 951 2898 est.

113 2920 182 2973 Sunt
199 2921 268 2974 aliae
287 2921 417 2989 innuptae
437 2921 514 2974 Latio
533 2924 562 2973 et
582 2920 764 2974 Laurentibus
782 2921 861 2988 agris,

114 2995 138 3048 N
140 3013 171 3048 ec
182 3013 268 3064 genus
281 2997 427 3051 indecores.
465 2997 529 3051 Sine
541 3013 585 3050 me
597 2997 664 3050 haee
676 2997 750 3050 haud
763 2996 853 3048 mollia
864 2995 922 3047 fatu

113 3071 233 3126 Sublatis
251 3075 358 3141 aperire
377 3073 464 3139 dolis;
483 3073 562 3126 simul
580 3073 631 3126 hoe
650 3074 739 3126 animo
757 3071 853 3125 hauri:
942 3084 967 3123 au

116 3147 160 3200 Me
177 3154 270 3203 natam
288 3151 354 3204 nulli
373 3155 495 3204 veterum
514 3150 615 3203 sociare
633 3165 775 3217 procorum

116 3222 167 3256 ”¹²⁶
186 3229 252 3294 orat,
264 3227 348 3298 idque
367 3244 460 3280 omnes
479 3226 588 3295 divique
605 3225 782 3294 hominesque
802 3223 943 3278 canebant
