2290 3568
125 147 171 193 232
373 143 402 191 P.
423 141 578 189 VERGILI
596 143 762 193 MARONIS

125 225 231 279 Servati
248 224 362 277 facimus
379 223 547 292 meritosque
566 241 699 279 novamus
718 226 841 283 honores.

127 303 186 356 Iam
204 301 322 370 primum
341 301 413 354 saxis
432 316 591 368 suspensam
609 301 677 356 hane
696 305 786 374 aspice
806 323 913 375 rupem,
947 321 983 362 ree

127 379 263 433 Ilisieetae
281 377 374 446 procul
392 381 423 430 ut
442 377 533 442 moles,
554 377 719 447 desertaque
739 384 839 436 montis

127 457 187 511 Stat
206 456 309 522 domus,
329 457 357 507 et
375 454 477 521 scopuli
496 453 635 522 ingentem
656 460 766 512 traxere
785 459 899 516 ruinam.

128 533 181 587 Hic
198 534 325 602 spelunca
341 532 401 598 fuit,
419 534 496 583 vasto
515 530 642 585 submota
660 549 776 602 recessu,

127 610 313 664 Semihominis
332 607 396 662 Gaui
414 608 496 661 facies
516 625 596 677 quam
617 608 678 662 dira
696 611 817 679 tenebat,

127 686 196 740 Solis
213 687 377 740 inaccessam
395 685 495 749 radiis;
515 702 678 754 semperque
696 688 800 742 recenti
948 705 984 746 nes

127 763 218 818 Caede
235 764 349 832 tepebat
367 762 472 828 humus,
491 762 648 830 foribusque
667 762 758 816 adfixa
777 765 902 834 superbis

127 839 183 893 Ora
201 840 288 892 virum
306 839 379 893 tristi
398 839 557 907 pendebant
576 839 678 906 pallida
697 839 769 895 tabo.

128 916 199 970 Huic
217 921 338 970 monstro
361 915 495 968 Volcanus
513 918 573 968 erat
592 919 690 982 pater:
709 916 781 970 illius
799 921 875 972 utros

127 992 182 1046 Ore
200 1011 310 1053 vomens
328 992 398 1060 ignis
417 1008 515 1059 magna
534 1007 563 1043 sc
582 991 654 1045 mole
674 992 788 1047 ferebat.

77 1085 86 1096 ·
128 1070 233 1123 Attulit
252 1074 280 1123 et
298 1069 377 1122 nobis
394 1067 539 1136 aliquando
558 1068 716 1136 optantibus
734 1073 810 1123 aetas
949 1086 984 1126 eeu

130 1146 268 1200 Auxilium
286 1145 489 1212 adventumque
508 1143 559 1196 dei.
599 1143 668 1196 Nam
688 1162 831 1199 maxumus
849 1147 932 1217 ultor,

127 1222 280 1290 Tergemini
298 1238 364 1275 nece
384 1221 523 1288 Geryonae
542 1220 687 1288 spoliisque
707 1221 848 1290 superbus,

128 1297 240 1352 Alcides
258 1298 362 1364 aderat,
381 1301 529 1364 taurosque
547 1297 598 1349 hae
617 1297 705 1351 victor
724 1298 824 1365 agebat

128 1375 257 1442 Ingentis,
276 1374 428 1442 vallemque
447 1372 530 1425 boves
551 1389 716 1441 amnemque
734 1375 874 1429 tenebant.

128 1452 168 1504 At
183 1451 261 1503 furiis
280 1450 343 1503 Caci
361 1466 437 1502 mens
456 1449 547 1515 effera,
567 1466 602 1502 ne
621 1450 688 1516 quid
706 1452 829 1504 inausum
948 1465 984 1506 aue

128 1528 186 1580 Aut
203 1528 381 1580 intractatum
400 1525 543 1579 scelerisve
565 1525 653 1578 dolive
673 1527 776 1594 fuisset,

127 1602 262 1667 Quattuor
280 1619 296 1655 a
314 1602 427 1656 stabulis
445 1603 597 1670 praestanti
617 1620 730 1672 corpore
749 1608 843 1658 tauros

129 1680 245 1746 Avertit,
265 1679 381 1732 totidem
400 1679 487 1732 forma
505 1683 650 1746 superante
669 1680 802 1733 iuvencas.

128 1756 220 1824 Atque
237 1756 294 1823 hos,
313 1773 347 1808 ne
366 1755 528 1823 quaterent
546 1755 664 1823 pedibus
684 1757 798 1824 vestigia
816 1757 906 1824 rectis,

127 1832 220 1886 (lauda
238 1833 266 1884 in
285 1833 439 1900 speluncam
459 1835 562 1885 tractos
581 1832 720 1900 versisque
738 1833 842 1884 viariun
946 1849 983 1889 210

129 1909 239 1962 indiciis
257 1913 350 1977 raptos
369 1925 434 1960 saxo
453 1907 609 1960 occultabat
628 1923 718 1976 opaco.

128 1985 275 2050 Quaerenti
293 1984 366 2036 nulla
384 1984 419 2036 ad
438 1984 592 2051 speluncam
612 1984 689 2050 signa
707 1983 840 2039 ferebant.

129 2062 245 2126 lntorea,
263 2077 324 2114 eum
343 2061 395 2113 iam
415 2060 529 2113 stabulis
548 2064 671 2113 saturata
689 2063 811 2114 moveret

129 2137 387 2207 Amphitryoniades
405 2141 530 2189 armenta
548 2135 708 2205 abitumque
726 2141 845 2205 pararet,

130 2213 253 2268 Discessu
271 2215 376 2282 mugire
395 2213 485 2280 boves,
503 2217 586 2280 atque
604 2229 684 2266 omne
703 2213 822 2282 querelis
948 2230 983 2268 ns

130 2291 230 2360 lnplcri
248 2308 351 2359 nemus,
370 2294 398 2343 ct
416 2291 497 2343 colles
515 2289 633 2342 elamore
651 2289 773 2357 relinqui.

128 2367 261 2421 Reddidit
278 2385 332 2420 una
350 2367 431 2420 boum
450 2383 543 2419 vocem
561 2369 692 2433 vastoque
711 2366 760 2418 sub
779 2370 858 2419 antro

127 2444 226 2512 Mugiit
244 2448 273 2498 et
292 2444 355 2498 Caci
374 2460 450 2511 spem
470 2441 608 2494 custodita
626 2440 730 2494 fefellit.

128 2521 181 2574 llic
199 2538 263 2574 vero
283 2519 398 2574 Alcidae
416 2518 494 2571 iuriis
519 2520 659 2574 exarserat
678 2520 739 2570 etro

128 2597 203 2651 Fellc
215 2597 305 2662 dolor;
327 2595 399 2663 rapit
412 2611 488 2648 arma
500 2610 582 2647 manu
593 2593 726 2660 nodisque
737 2595 882 2660 gravatum
948 2610 983 2649 eae

128 2673 228 2741 Robur,
247 2678 275 2727 et
294 2673 360 2727 aerii
379 2688 459 2726 cursu
477 2671 547 2740 petit
565 2669 651 2722 ardua
670 2669 779 2723 montis.

127 2750 193 2804 Turn
213 2751 330 2819 primum
349 2749 436 2803 nostri
456 2749 556 2803 Cacum
576 2747 670 2800 videre
689 2747 835 2802 timentem

127 2827 331 2896 Turbatumqno
349 2827 450 2891 oeulis;
468 2827 538 2895 sugit
555 2825 629 2878 ilicet
647 2825 720 2878 ocior
740 2824 813 2877 Euro

127 2903 340 2972 Spelunenmque
358 2903 448 2972 petit;
467 2902 584 2971 pedibus
602 2902 686 2956 timor
704 2900 813 2954 addidit
831 2899 894 2954 alus

127 2981 166 3034 Ut
185 2997 244 3034 sese
261 2979 378 3044 inclusit,
396 2981 538 3048 ruptisque
555 2979 662 3032 inmune
680 2977 782 3032 catenis
947 2989 982 3030 aas

127 3057 232 3111 Deiecit
250 3074 352 3124 saxum,
370 3057 443 3110 ferro
462 3056 536 3125 quod
559 3059 587 3109 et
606 3059 667 3108 arte
686 3059 800 3123 paterna

128 3133 276 3201 Pendebat‚
293 3134 429 3202 fultosque
448 3135 561 3188 emuniit
580 3133 667 3186 obiice
685 3131 778 3200 postis,

126 3209 195 3263 Iicee
213 3210 305 3263 furens
322 3211 419 3264 animis
436 3211 533 3263 aderat
552 3207 715 3275 'l‘irpntlrius
735 3222 896 3273 omnemque
