2290 3568
154 173 200 222 172
388 173 416 219 P.
436 173 587 220 VERGILI
605 173 769 225 MAltONlS

154 255 208 306 Ast
225 252 300 305 illurn
318 251 366 305 fidi
385 253 520 320 aequales,
538 269 627 321 genua
645 270 728 321 aegra
745 253 908 321 trahentem,

154 328 361 398 laetantemque
380 333 496 397 utroque
514 334 603 398 caput,
622 347 797 398 crassumque
814 348 938 385 cruorem

153 405 208 458 Ore
226 406 387 459 eiectantem
407 406 561 474 mixtosque
580 407 606 458 in
626 407 756 474 sanguine
775 407 880 474 dentes,
969 419 1004 460 tro

153 480 262 534 Ducunt
280 482 316 535 ad
334 483 424 543 navis余
442 482 601 551 galeamque
620 499 767 550 ensemque
785 485 872 537 vorati

153 558 313 626 Accipiunt3
332 559 449 626 palmam
471 559 578 612 Entello
596 565 760 626 taurumque
778 559 943 629 relinquunt.

154 633 206 687 Hic
224 634 317 698 victor,
336 648 468 701 superans
484 634 581 688 animis
598 639 732 704 tauroque
751 635 898 704 superbus:

152 711 224 763 Nate
243 710 302 774 dea,
321 726 420 778 vosque
442 712 516 776 haec,
534 713 630 780 inquit,
648 712 809 779 cognoscite,
828 713 931 778 Teucri,

155 787 187 839 ut
205 786 271 839 mihi
290 804 360 854 quac
379 789 479 840 tuerint
497 788 613 842 iuvenali
632 789 659 842 in
677 805 789 856 corpore
807 789 886 856 vires,
969 802 1003 840 aa

155 863 187 914 llt
206 879 260 932 qua
278 863 392 916 servetis
410 870 565 917 revocatum
584 882 601 917 a
619 868 708 917 morte
727 865 836 918 Dareta.

154 938 234 1003 Dixit,
252 944 280 992 ct
298 940 406 992 adversi
425 945 520 993 contra
538 941 618 994 stetit
636 957 683 994 ora
702 941 814 1006 iuvenci,

153 1015 202 1077 (lui
222 1014 321 1068 donum
340 1016 469 1069 adstabat
487 1033 601 1084 pugnae,
620 1017 758 1084 durosque
776 1017 892 1070 reducta

155 1089 274 1143 libravit
293 1092 390 1144 dextra
410 1093 499 1144 inedia
517 1094 589 1146 inter
606 1110 707 1146 cornua
724 1097 839 1162 caestus,

153 1166 271 1224 Arduus,
288 1163 454 1234 effractoque
475 1169 559 1222 inlisit
576 1169 604 1221 in
622 1185 683 1222 ossa
701 1169 821 1224 cerebro.
966 1187 1002 1225 rso

152 1243 287 1295 Sternitur
304 1242 489 1310 exanimisque
510 1251 630 1298 tremens
648 1245 802 1312 procumbit
820 1245 894 1299 humi
913 1247 967 1298 bos.

154 1319 202 1370 llle
225 1332 307 1383 super
321 1319 383 1372 talis
401 1318 517 1374 effundit
533 1325 645 1389 pectore
664 1338 755 1376 voces:

153 1395 230 1446 llanc
248 1393 306 1459 tibi,
326 1394 406 1462 Eryx,
425 1396 564 1448 meliorent
582 1399 699 1450 animam
718 1415 767 1466 pro
783 1403 872 1453 morto
890 1393 1001 1452 Daretis

154 1470 353 1535 l'ersolv03l1ie
372 1474 454 1525 victor
476 1480 583 1527 caestus
601 1478 744 1543 artemque
763 1491 871 1542 repono.

186 1546 312 1601 Protinus
335 1553 443 1601 Aeneae
459 1549 541 1602 celeri
559 1555 667 1604 ccrture
685 1551 785 1618 sagitta
966 1563 1002 1602 sss

152 1623 254 1677 inritat
272 1626 318 1693 qui
335 1623 406 1679 forte
427 1625 519 1692 velint,
537 1632 566 1680 ct
584 1627 706 1695 praemia
723 1629 808 1696 ponit,

152 1699 315 1768 ingentique
332 1717 414 1756 manu
431 1702 531 1756 malurn
550 1703 585 1756 de
604 1719 672 1757 nave
691 1703 794 1757 Seresti

151 1777 244 1845 Erigit,
263 1783 291 1832 et
311 1783 445 1832 volucrem
466 1780 579 1832 traiecto
597 1779 624 1832 in
644 1780 708 1832 lune
727 1779 887 1843 columbam,

149 1854 208 1917 Quo
226 1854 342 1908 tendant
360 1856 470 1920 terrum,
491 1856 560 1908 malo
579 1855 722 1923 suspendit
740 1855 775 1908 ab
792 1856 855 1908 alto.

149 1930 305 1985 Convenere
324 1932 380 1994 viri,
399 1934 588 1998 deiectamque
606 1948 685 1984 aerea
704 1935 805 1984 sortem
966 1943 1002 1981 rao

152 2007 265 2075 Accepit
283 2008 374 2074 galea余
394 2015 422 2060 et
441 2007 544 2075 primus
562 2007 679 2060 clamore
698 2006 816 2060 secundo

151 2083 315 2149 llyrtacidae
333 2089 397 2136 anto
415 2083 501 2136 omnis
519 2083 577 2136 enit
596 2087 669 2137 loeus
689 2084 900 2152 llippocoontis余

150 2161 236 2224 Quem
254 2161 334 2213 modo
352 2163 439 2213 navali
459 2160 621 2214 Mnestheus
639 2162 788 2214 certamine
807 2161 892 2214 victor

149 2235 339 2307 Consequitur,
359 2237 438 2290 viridi
457 2237 618 2292 Mnestheus
637 2239 760 2292 evinctus
778 2237 855 2290 oliva

148 2312 257 2368 Tertius
276 2314 414 2382 Eurytion,
432 2318 504 2380 tuus,
522 2330 538 2366 o
557 2315 712 2379 clarissime,
731 2313 823 2377 frater,
965 2323 1000 2361 eos

150 2389 279 2453 Pandare,
298 2391 345 2456 qui
363 2389 507 2458 quondam,
525 2390 613 2442 iussus
633 2389 800 2442 confundere
817 2385 919 2448 foedus,

150 2466 181 2518 ln
200 2465 303 2518 medios
323 2466 406 2517 tclurn
425 2464 529 2518 torsisti
547 2466 651 2531 primus
670 2463 796 2516 Achivos.

150 2542 295 2595 llxtrenrus
313 2541 444 2608 galeaque
462 2540 517 2592 ima
535 2540 659 2592 subsedit
678 2542 802 2604 Acestes,

150 2622 239 2670 husus
258 2622 286 2670 ot
305 2617 363 2683 ipse
381 2632 462 2668 manu
480 2616 608 2668 iuvenum
626 2619 763 2683 temptare
782 2614 909 2668 laborem.

85 2755 88 2762 .
148 2694 214 2746 'l'um
233 2693 328 2746 validis
347 2693 430 2745 flexos
448 2693 592 2746 incurvant
611 2691 713 2744 uiribus
731 2709 810 2746 arcus
964 2709 998 2748 eon

148 2769 200 2822 l'ro
219 2785 248 2822 se
267 2769 381 2837 quisque
400 2770 457 2837 viri,
477 2773 506 2824 et
524 2769 689 2838 depromunt
708 2769 764 2822 tela
781 2770 922 2837 pharetris.

148 2845 293 2912 Primaque
311 2862 360 2913 per
378 2846 482 2900 eaelum
501 2863 585 2900 neruo
604 2845 739 2898 stridente
758 2845 859 2913 sagitta

148 2922 314 2989 Hyrtacidae
332 2923 435 2977 iuvenis
454 2923 570 2977 volucris
588 2921 746 2976 diverberat
764 2938 860 2983 auras余

148 2998 183 3052 Et
201 2999 283 3064 veuit,
303 2999 465 3070 adversique
483 3001 607 3069 infigitur
625 2998 722 3052 arbore
739 2999 810 3052 mali.

149 3075 295 3129 Intremuit
314 3077 407 3144 malus,
426 3078 572 3146 timuitque
590 3076 723 3130 exterrita
740 3076 834 3145 pennis
962 3091 996 3129 sot

145 3153 221 3220 hies,
240 3157 268 3206 et
286 3152 390 3220 ingenti
409 3159 558 3208 sonuerunt
576 3154 665 3207 omnia
682 3153 783 3222 plausu.

150 3229 213 3283 post
231 3245 294 3284 acer
312 3229 473 3286 Mnestheus
491 3232 611 3287 adducto
630 3230 753 3284 constitit
770 3243 842 3297 arcu,
