2268 3570
163 139 209 188 274
396 138 424 184 Ρ.
444 137 595 186 VERGILI
613 138 783 186 MARONIS'

164 217 330 287 Respiciunt,
350 221 494 288 totumque
511 217 603 272 adlabi
621 218 752 273 classibus
770 236 880 287 aequor.

162 294 254 348 Ardet
271 311 340 363 apex
359 294 449 362 capiti,
468 294 614 362 cristisque
632 295 768 348 avertice
786 295 895 350 flamma
978 311 1013 351 aro

162 371 307 438 Funditur,
325 374 353 424 et
371 373 464 424 vastos
482 369 565 424 umbo
583 371 670 425 vomit
687 387 786 424 aureus
804 371 889 439 ignis:

162 447 223 499 Non
242 463 325 510 secus,
342 463 374 499 ao
392 444 496 513 liquida
515 447 537 498 si
555 448 664 515 quando
681 450 761 500 nocte
778 452 901 502 cometae

160 522 307 590 Sanguinei
326 521 442 590 lugubre
460 521 567 589 rubent,
586 527 634 577 aut
653 522 738 576 Sirius
756 523 846 591 ardor,

163 599 213 652 llle
231 599 305 652 sitim
323 597 488 666 morbosque
505 598 597 652 ferens
615 598 775 652 mortalibus
793 599 891 668 aegris,

160 674 288 728 Nascitur
306 677 334 727 et
352 674 429 728 laevo
447 674 593 728 contristat
610 674 712 727 lumine
729 675 841 730 caelum.
975 687 1014 730 are

194 751 279 805 Haud
296 753 389 804 tamen
407 750 505 804 audaci
524 751 613 804 Turno
632 750 731 804 fiducia
748 751 830 804 cessit

160 827 254 881 Litora
271 827 436 898 praecipere,
454 831 483 880 et
501 827 635 880 venientis
652 827 754 894 pellere
772 831 853 881 terra.

158 903 251 973 [Ultro
269 904 373 957 animos
390 902 464 956 tollit
482 903 571 969 dictis,
590 907 673 972 atque
691 903 814 972 increpat
832 904 931 976 ultro:]

159 979 239 1045 Quod
257 979 329 1034 uotis
347 979 470 1046 optastis,
490 979 575 1044 adest,
594 979 766 1048 perfringere
785 979 891 1034 dextra.

159 1055 193 1109 In
210 1055 335 1109 manibus
355 1055 430 1110 Mars
447 1056 514 1123 ipse,
533 1055 593 1110 viri.
630 1054 710 1108 Nunc
727 1055 847 1124 coniugis
866 1060 925 1111 esto
971 1071 1011 1111 aso

157 1131 279 1200 Quisque
298 1147 363 1184 suae
381 1132 503 1200 tectique
521 1147 642 1195 rnern0r;
660 1148 732 1184 nunc
750 1144 848 1200 magna
865 1133 968 1188 referto

159 1208 249 1273 Tacta,
266 1211 376 1275 patrum
395 1207 496 1262 laudes.
533 1207 613 1260 Ultro
631 1224 803 1261 occurramus
820 1208 856 1262 ad
874 1209 983 1278 undam,

158 1284 230 1336 Dum
249 1285 361 1354 trepidi,
381 1285 538 1353 egressique
556 1283 649 1337 labant
666 1284 783 1353 vestigia
800 1285 898 1353 prima.

160 1360 296 1414 Audentis
315 1361 437 1414 Fortuna
454 1361 538 1414 iuvat.

161 1437 235 1491 Haec
253 1438 300 1504 ait,
319 1441 348 1490 et
366 1453 457 1490 secum
475 1439 574 1503 versat,
593 1453 660 1504 quos
679 1437 779 1492 ducere
797 1443 899 1507 contra,
971 1451 1011 1493 aso

158 1514 210 1567 Vel
229 1513 329 1582 quibus
347 1513 470 1566 obsessos
488 1512 575 1580 possit
593 1513 756 1566 concredere
773 1531 872 1568 muros

192 1591 303 1644 Interea
322 1590 429 1643 Aeneas
447 1589 533 1642 socios
551 1588 586 1642 de
604 1589 740 1658 puppibus
758 1589 821 1643 altis

157 1666 291 1720 Pontibus
309 1665 429 1734 exponit.
466 1665 548 1718 Multi
567 1681 675 1718 servare
694 1681 821 1718 recursus

157 1742 326 1810 Languentis
343 1741 440 1810 pelagi,
460 1745 489 1795 et
506 1740 636 1794 brevibus
654 1757 683 1794 se
701 1741 814 1795 credere
832 1744 915 1808 scitia
1014 1773 1016 1778 ·

158 1820 211 1872 l'er
227 1834 317 1872 remos
335 1818 388 1870 alii.
424 1817 585 1886 Speculatus
602 1817 683 1870 litora
702 1817 830 1882 Tarchon,
968 1834 1005 1874 aso

156 1895 216 1959 Qua
233 1895 304 1948 vada
321 1911 374 1947 non
394 1894 498 1961 spirant
516 1909 565 1946 nee
582 1892 669 1946 fracta
687 1901 872 1949 remurmurat
889 1895 969 1960 unda,

155 1969 211 2024 Sed
228 1987 304 2023 mare
322 1969 481 2023 inoffensum
499 1968 631 2022 crescenti
650 1968 789 2022 adlabitur
806 1974 892 2036 aestu,

156 2046 289 2100 Advertit
307 2045 397 2099 subito
415 2061 517 2114 proras,
537 2045 677 2113 sociosque
696 2048 836 2114 precatur:

156 2123 240 2187 Nune,
258 2139 275 2175 o
292 2123 364 2175 lecta
381 2137 484 2187 manns,
502 2120 600 2174 validis
617 2120 767 2175 incumbite
785 2122 884 2188 remis;

154 2199 259 2265 Tollite,
277 2199 349 2252 ferte
367 2202 455 2262 rates;
472 2196 608 2250 inimicam
627 2197 725 2250 findite
743 2199 839 2252 rostris
967 2215 1004 2254 aas

155 2275 234 2328 Hanc
251 2279 363 2342 terram,
382 2273 540 2340 sulcumque
559 2272 609 2324 sibi
628 2277 735 2340 premat
753 2273 812 2341 ipsa
829 2275 930 2330 carina.

155 2351 292 2419 Frangere
310 2367 360 2403 nec
377 2349 425 2402 tali
444 2349 556 2416 puppim
575 2349 693 2402 statione
711 2366 812 2417 recuso,

155 2428 276 2494 Arrepta
293 2427 392 2480 tellure
411 2425 503 2479 semel.
541 2424 616 2488 Quae
634 2425 701 2478 talia
718 2435 863 2494 postquam

153 2504 259 2558 llffatus
277 2502 406 2566 Tarchon,
424 2501 489 2554 socii
506 2517 670 2568 consurgere
688 2503 774 2556 tonsis

152 2579 365 2648 Spumantisque
384 2581 459 2631 rates
477 2577 549 2630 arvis
566 2577 667 2630 inferre
686 2577 797 2644 Latinis,
965 2596 1003 2634 coo

154 2656 244 2710 Donec
262 2659 352 2709 rostra
369 2657 465 2708 tenent
484 2654 583 2707 siccum
602 2657 630 2706 et
648 2653 745 2708 sedere
762 2654 869 2710 carinae

124 2760 131 2772 ·
152 2731 253 2785 Omnes
272 2731 409 2784 innocuae.
446 2729 501 2783 Sed
518 2746 572 2782 non
590 2730 689 2798 puppis
707 2735 763 2795 tua,
782 2731 910 2784 Tarchon.

151 2809 277 2877 Namque
294 2807 398 2860 inflicta
415 2806 492 2859 vadis
511 2805 592 2858 dorso
609 2806 675 2859 dum
694 2807 798 2875 pendet
815 2807 917 2876 iniquo,

151 2890 262 2954 Anceps
281 2886 435 2938 sustentata
452 2881 507 2948 diu,
526 2881 679 2952 fluctusque
696 2883 802 2951 fatigat,

150 2963 277 3029 Solvitur,
295 2965 378 3028 atquo
397 2960 468 3012 viros
486 2958 584 3011 mediis
602 2960 714 3028 exponit
731 2959 759 3013 in
777 2961 872 3025 undis;
965 2977 1003 3017 ³oe

151 3039 297 3107 Tragmina
315 3052 453 3090 remorum
472 3051 540 3103 quos
558 3038 587 3088 et
605 3035 741 3090 fluitantia
759 3041 879 3090 transtra

151 3115 307 3184 inpediunt,
325 3113 496 3181 retrahitque
514 3111 613 3181 pedem
633 3111 711 3164 simul
730 3112 804 3166 unda
821 3112 953 3166 relabens.

184 3191 242 3244 Nec
260 3191 382 3244 Turnum
401 3189 491 3256 segnis
510 3189 612 3242 retinet
630 3205 719 3254 mora;
737 3189 787 3242 sed
804 3189 876 3258 rapit
894 3206 957 3244 acer
