2278 3568
122 159 125 164 ’
152 163 196 210 136
383 162 411 208 Ρ.
430 161 583 209 VERGILI
602 162 768 210 MARONIS

149 241 194 296 sor
213 242 268 295 ruit
286 241 394 294 interea
411 243 440 294 et
458 244 564 294 montes
582 240 745 296 umbrantur
763 243 845 312 opaci.

149 319 303 373 Sternimur
320 320 431 387 optatae
449 318 554 385 gremio
573 318 679 372 telluris
697 319 733 372 ad
751 319 859 388 undam,

149 395 244 449 Sortiti
263 411 359 456 remos,
377 394 532 462 passimque
550 395 579 447 in
597 395 677 448 litore
695 396 765 449 sicco
964 411 999 451 515

150 474 271 541 Corpora
290 487 431 534 curamus3
449 471 534 523 fessos
554 487 634 538 sopor
651 472 753 539 inrigat
771 476 855 527 artus.

149 550 273 603 Necdum
292 547 385 601 orbem
404 547 524 600 medium
543 549 568 600 N
571 565 605 600 ox
624 549 697 600 horis
715 552 776 601 acta
794 547 917 604 subibat:

150 626 233 679 Haud
253 625 342 692 segnis
360 627 447 676 strato
465 625 553 692 surgit
572 625 716 678 Palinurus
734 628 763 678 et
781 625 866 677 omnis

149 703 279 770 Explorat
298 704 401 767 ventos,
420 703 504 768 atque
522 701 634 754 auribus
652 717 715 754 aera
733 704 840 768 captat;

149 777 247 831 Sidera
264 782 362 832 cuncta
379 781 457 832 notat
475 778 560 832 tacito
578 777 699 831 labentia
717 777 798 842 caelo,
963 793 999 830 515

150 855 299 908 Arcturum
317 855 477 924 pluviasque
498 855 608 922 Hyadas
626 855 802 922 geminosque
820 852 939 920 Triones,

150 933 351 1000 Armatumque
368 925 436 985 auro
452 931 634 1000 circumspicit
653 931 761 984 Oriona.

150 1009 299 1077 Postquam
318 1012 416 1062 cuncta
433 1008 508 1062 videt
526 1008 599 1062 caelo
618 1012 743 1062 constare
761 1023 865 1074 sereno,

150 1085 205 1140 Dat
223 1087 326 1138 clarum
344 1102 360 1140 e
377 1087 462 1154 puppi
479 1086 599 1152 signum3
617 1101 666 1138 nos
682 1088 772 1138 castra
789 1098 933 1145 movemus,

149 1161 379 1230 Temptamusque
396 1163 468 1214 viam
487 1166 515 1214 et
534 1161 654 1214 velorum
672 1160 816 1228 pandimus
834 1159 898 1211 alas.
959 1183 995 1221 520

150 1237 264 1306 iamque
282 1237 445 1290 rubescebat
463 1237 548 1290 stellis
568 1238 677 1288 Aurora
694 1235 802 1302 fugatis,

150 1312 217 1366 Cum
236 1313 329 1380 procul
347 1312 475 1365 obscuros
492 1312 567 1364 collis
584 1309 768 1377 humilemque
786 1309 910 1362 videmus

150 1389 265 1442 Italiam.
305 1388 413 1441 ltaliam
430 1387 535 1455 primus
552 1387 702 1440 conclamat
721 1385 849 1451 Achates,

150 1465 258 1518 Italiam
277 1465 350 1517 lacto
368 1464 433 1516 socii
451 1463 567 1516 clamore
586 1462 713 1514 salutant.

149 1539 217 1592 Tum
235 1543 314 1608 pater
332 1539 465 1593 Anchises
483 1555 610 1606 magnum
628 1542 734 1592 cratera
751 1553 849 1590 corona
961 1552 997 1592 ⁶²6

150 1616 245 1670 Induit
262 1616 428 1685 inplevitque
448 1631 530 1683 mero,
548 1615 679 1682 divosque
697 1614 802 1668 vocavit

149 1693 230 1747 Stans
248 1693 320 1746 celsa
338 1692 367 1744 in
385 1692 493 1760 puppis

149 1769 184 1822 Di
202 1771 285 1822 maris
303 1773 332 1823 et
350 1772 441 1822 terrae
460 1770 710 1836 tempestatumque
727 1769 860 1838 potentes,

149 1845 233 1899 Ferte
252 1846 322 1898 viam
340 1849 422 1898 vento
440 1844 547 1898 facilem
564 1848 593 1898 et
611 1844 713 1912 spirate
731 1845 848 1898 secundi.

149 1921 318 1976 Crebescunt
336 1925 446 1990 optatae
464 1938 554 1987 aurae,
572 1927 722 1990 portusque
740 1921 856 1990 patescit
960 1938 997 1978 sao

150 1997 208 2050 Iam
227 1999 342 2066 propior,
361 1997 549 2066 templumque
567 1997 683 2066 adparet
700 1999 728 2050 in
746 2014 808 2051 arce
826 1998 973 2052 Minervae.

149 2073 218 2139 Vela
235 2074 330 2142 legunt
347 2073 419 2140 socii,
439 2077 467 2128 et
484 2091 579 2143 proras
597 2075 632 2128 ad
650 2074 731 2130 litora
747 2079 884 2144 torquent.

149 2149 249 2203 Portus
267 2145 410 2204 ab'lluroo
429 2150 513 2204 fluctu
532 2155 659 2206 curvatus
676 2153 704 2205 in
723 2169 829 2217 arcum3

149 2225 280 2280 Obiectae
298 2227 368 2280 salsa
386 2233 513 2294 spumant
531 2228 695 2296 adspargine
713 2232 820 2293 cautes3

149 2303 214 2372 Ipse
232 2304 314 2368 latct;
333 2303 440 2372 gemino
458 2304 608 2358 demittunt
625 2305 751 2358 bracchia
768 2321 845 2357 muro
961 2320 997 2360 535

149 2380 250 2433 Turriti
269 2379 378 2449 scoprdi,
398 2381 554 2449 refugitque
571 2382 607 2434 ah
625 2381 704 2435 litor'e
721 2379 860 2448 templum.

149 2455 284 2519 Quattuor
302 2456 352 2523 hic,
370 2457 489 2525 primum
506 2474 592 2524 omen,
611 2474 696 2525 equos
714 2457 741 2508 in
759 2455 881 2522 gramine
900 2453 956 2508 vidi

150 2533 298 2587 tondentis
315 2549 439 2602 eampum
458 2533 521 2598 late,
541 2532 657 2586 candore
673 2531 761 2584 nivali.

150 2609 185 2662 Ilt
203 2612 282 2678 pater
303 2609 450 2663 Anchises:
470 2609 583 2673 Bellum,
602 2624 618 2659 o
636 2612 711 2660 terra
728 2607 843 2674 hospita,
860 2613 966 2676 portas;

149 2685 225 2739 Bello
238 2689 379 2739 armantur
391 2685 462 2753 equi,
476 2685 576 2737 bellum
589 2683 655 2736 hacc
667 2685 790 2736 armenta
802 2683 946 2738 minantur.
959 2699 996 2737 515

148 2761 203 2816 Sed
221 2765 312 2815 tamen
331 2762 404 2815 idem
423 2761 486 2813 olim
505 2777 586 2814 curru
604 2759 748 2812 succedere
767 2760 837 2814 sueti

148 2837 352 2906 Quadrupedes,
371 2841 399 2890 et
418 2836 494 2889 frena
512 2837 575 2903 iugo
593 2835 737 2888 eoncordia
754 2836 839 2890 forre:

148 2915 216 2983 Spes
234 2918 263 2968 et
281 2914 360 2982 pacis,
379 2913 425 2966 ait.
462 2912 530 2964 Tum
547 2912 657 2965 numina
675 2916 768 2966 sancta
785 2929 927 2982 precamur

149 2991 268 3044 Palladis
286 2990 444 3053 armisonae,
462 3006 533 3057 quae
550 2990 638 3059 prima
656 2990 760 3058 accepit
779 2991 892 3058 ovantis,
930 3055 934 3062 1

149 3068 185 3122 m
203 3067 292 3132 capita
309 3069 372 3118 ante
390 3081 451 3118 aras
472 3065 589 3134 Phrygio
607 3067 728 3120 velamur
747 3067 862 3132 amictu;
960 3081 996 3120 oss

149 3142 362 3210 Praeceptisque
381 3142 489 3211 Heleni,
508 3142 623 3197 dederat
641 3160 710 3212 quae
728 3159 862 3210 maxuma,
878 3143 932 3200 rite

149 3219 247 3274 Iunoni
268 3219 386 3288 Argivae
404 3220 491 3279 iussos
509 3220 649 3279 adolemus
666 3219 788 3280 honores.
