2268 3570
136 187 183 234 266
385 181 568 231 AENEIDOS
585 181 655 229 LIB.
675 181 724 228 IX.

131 265 209 319 Unus
227 266 315 333 homo,
334 268 363 319 et
381 264 488 330 vestris,
507 280 523 316 o
541 263 621 328 cives,
639 261 761 330 undique
780 268 891 329 saeptus

136 341 295 410 Aggeribus,
315 344 407 395 tantas
426 345 531 408 strages
549 339 649 407 inpune
666 355 717 406 per
733 337 830 390 urbem

132 418 272 470 Edideritt
291 419 418 469 iuvenum
436 417 539 484 primos
556 418 600 468 tot
617 414 723 467 miserit
742 412 828 466 Orcoi
941 427 979 469 rso

130 495 192 546 Non
210 494 323 547 infelicis
341 493 446 560 patriae
465 496 644 558 veterumque
662 490 775 542 deorum

131 571 166 624 Et
184 571 275 638 magni
295 571 414 636 Aeneae,
433 586 536 636 segnes,
554 569 722 636 miseretque
739 565 897 633 pudetque?

130 647 239 700 Talibus
257 646 361 700 accensi
379 646 531 708 firmantur,
550 647 579 697 et
597 643 704 711 agmine
723 642 807 695 denso

130 722 296 776 Consistunt.
332 721 439 774 Turnus
457 721 589 790 paulatim
608 719 741 772 excedere
758 719 849 787 pugna

130 799 166 852 nt
183 799 293 852 fluvium
313 801 408 866 petere
426 813 458 851 uc
476 801 680 866 partem-quac
698 795 817 862 cingitur
835 793 918 848 nuda.¹
942 809 979 849 rau

132 875 230 928 Acrius
248 875 298 928 hoc
317 875 413 928 Teucri
432 873 550 927 clamore
567 870 726 926 incumbere
743 887 849 939 magno,

130 949 166 1004 Et
183 951 335 1019 glomerare
353 967 476 1003 manum:
494 966 544 1002 ceu
563 965 673 1002 suevum
692 946 774 1000 turba
790 947 897 1000 leonem

131 1027 200 1081 Cum
219 1029 282 1081 telis
300 1028 401 1094 premit
419 1027 545 1091 infensis,
563 1029 593 1078 at
610 1024 726 1078 territus
743 1023 797 1089 ille,

131 1107 229 1173 Asper,
248 1104 346 1157 acerba
364 1107 451 1170 tuens,
469 1107 544 1156 retro
562 1101 650 1165 redit;
668 1104 697 1154 et
714 1116 803 1167 neque
821 1104 901 1168 terge

131 1181 178 1234 Ira
196 1182 262 1234 dere
280 1185 328 1234 aut
346 1180 433 1233 uirtus
451 1179 563 1248 patitur,
581 1195 632 1231 nce
651 1176 765 1230 tendere
782 1179 884 1244 contra,
942 1191 978 1230 795

131 1255 183 1309 Ille
202 1257 313 1324 quidem
331 1255 381 1309 hoc
399 1256 517 1324 cupiens,
535 1255 607 1322 potis
625 1257 669 1306 est
686 1269 736 1321 per
755 1252 811 1306 tela
826 1253 959 1320 virosque.

131 1333 215 1385 Haud
233 1333 313 1386 aliter
330 1336 406 1384 retro
425 1331 524 1383 dubius
542 1330 658 1397 vestigia
676 1328 782 1382 Turnus

131 1409 312 1478 Inpropcrata
329 1409 421 1475 refert,
439 1412 468 1461 ct
485 1425 561 1461 mens
580 1409 724 1460 exaestuat
741 1405 789 1458 ira.

131 1486 202 1550 Quin
221 1486 303 1539 etiam
322 1485 364 1537 bis
382 1489 441 1538 tum
460 1483 563 1538 medios
582 1484 719 1536 invaserat
735 1481 829 1547 hostis,

131 1561 183 1615 Bis
195 1561 306 1630 ,confusa
323 1561 388 1630 fuga
405 1578 455 1630 per
473 1577 564 1614 muros
583 1560 691 1628 agmina
708 1559 806 1624 vertit;
941 1574 979 1613 sco

131 1637 186 1692 Sed
203 1655 299 1692 manus
318 1655 333 1692 c
352 1638 448 1692 castris
466 1655 584 1707 propere
603 1637 658 1690 coit
676 1635 763 1688 omnis
781 1635 810 1687 in
828 1651 919 1704 unum,

131 1715 189 1768 Nec
207 1719 301 1769 contra
319 1715 385 1768 viris
403 1715 488 1768 audet
507 1713 634 1767 Saturnia
654 1712 722 1764 Iuno

131 1790 273 1856 Sufficere;
291 1791 392 1845 aeriam
411 1791 484 1844 caelo
502 1807 565 1842 narn
586 1788 712 1856 Iuppiter
730 1787 797 1840 Iu'm

38 1911 40 1916 .
131 1867 254 1935 Dernisit,
272 1884 418 1936 germanae
436 1867 509 1919 haud
527 1865 618 1917 mollia
635 1863 708 1916 iussa
725 1863 865 1931 ferentem,

131 1944 167 1996 Ni
186 1943 293 1997 Turnus
311 1944 392 1996 cedat
411 1943 575 1995 Teucrorum
594 1938 735 1991 moenibus
754 1939 823 1992 altis.
942 1955 979 1994 eos

131 2020 203 2088 Ergo
221 2037 270 2073 nec
288 2019 374 2088 clipeo
392 2018 496 2071 invenis
514 2016 664 2070 subsistere
681 2018 788 2068 tentum

131 2097 188 2150 Nec
207 2095 306 2150 dextra
323 2095 411 2159 valet;
428 2093 536 2147 iniectis
554 2092 592 2145 sic
609 2091 731 2160 undique
748 2091 811 2144 telis

132 2171 270 2226 Obruitur.
307 2171 412 2240 Strepit
430 2169 545 2224 adsiduo
562 2185 628 2222 cava
645 2171 770 2237 tempora
787 2168 887 2222 circum

131 2248 241 2301 Tinuitu
260 2249 343 2316 galea,
362 2252 391 2300 et
409 2247 481 2300 saxis
500 2246 586 2300 solida
604 2261 668 2298 uera
685 2245 828 2310 fatiscunt3

132 2324 331 2392 Discussucquc
349 2324 428 2376 iubae
446 2323 542 2392 capiti3
560 2339 610 2375 nec
629 2321 727 2374 sufficit
745 2321 827 2374 umbo
942 2338 979 2376 ero

133 2401 251 2460 Ictibus:
269 2401 436 2467 ingeminant
454 2400 540 2452 hastis
559 2394 588 2451 et
606 2398 689 2450 Troes
707 2399 736 2450 et
754 2398 812 2466 ipse

132 2477 289 2530 Fulmincus
309 2475 475 2528 Mnestheus.
511 2475 579 2526 Tum
597 2477 656 2526 toto
675 2489 787 2541 corpore
804 2475 887 2527 sudor

136 2553 259 2621 tiquitur
277 2555 305 2604 et
323 2551 531 2618 piceum-nec
549 2549 684 2616 respirare
702 2552 855 2616 potestus-

134 2629 247 2682 Flumcu
265 2628 339 2695 agit;
359 2627 443 2680 fessos
462 2625 551 2695 quatit
570 2641 652 2692 aeger
670 2623 806 2678 anhelitus
823 2631 906 2682 artus.
987 2690 988 2694 Ἰ

132 2707 200 2758 Turn
219 2704 329 2756 demum
348 2719 478 2771 praeceps
496 2701 569 2755 saltu
587 2717 646 2754 sese
664 2701 790 2755 omnibus
808 2705 891 2757 armis
943 2701 992 2758 ω’

133 2783 166 2834 In
184 2781 296 2833 fluvium
312 2779 396 2833 dedit.
433 2778 484 2831 lllc
502 2794 549 2831 suo
568 2794 629 2830 cum
647 2778 756 2847 gurgite
774 2778 843 2832 flavo

133 2858 248 2926 Accepit
266 2858 420 2911 venientem
439 2873 470 2910 nc
487 2854 614 2908 ruollibus
632 2855 731 2909 extulit
748 2854 836 2920 undis,

39 2983 42 2989 .
134 2935 169 2991 111
187 2935 288 2987 lactum
307 2934 386 2987 sociis
404 2933 499 2986 obluta
517 2930 601 2984 eeedc
619 2932 734 2986 remisit.
