2266 3562
91 159 132 210 ,³0
327 155 356 205 P.
378 155 528 206 VERGILI
545 159 711 212 MARONIS

102 236 185 299 Haud
203 239 317 293 obscura
334 237 435 292 cadens
452 239 546 292 mittet
563 240 612 294 tibi
632 244 708 312 signa
727 247 845 301 Bootes:
921 300 925 306 ,

105 313 202 384 Incipe,
221 320 249 370 et
268 316 304 369 ad
323 314 426 368 medias
445 319 595 370 sementem
614 322 733 376 extende
753 323 869 392 pruinas.
922 340 959 380 aaa

138 391 242 446 Idcirco
260 393 343 446 certis
362 391 515 444 dimensum
534 393 658 460 partibus
677 399 770 453 orbem

105 469 157 523 Per
174 468 300 524 duodena
318 469 389 536 regit
407 468 501 522 mundi
520 469 564 523 Sal
583 488 682 528 aureus
700 481 781 530 astra

104 546 227 616 Quinque
245 550 343 600 tenent
361 546 465 600 caelum
484 563 567 600 zerrac
577 569 583 612 ;
603 567 718 618 quarum
737 569 791 606 una
808 569 920 608 carruca

103 623 216 692 Semper
234 623 289 678 sele
307 623 408 676 rubens
427 626 456 675 et
474 623 578 677 torrida
596 642 704 695 semper
722 627 757 682 ab
774 629 845 696 igni;

104 701 190 766 Quam
203 701 301 753 circum
315 703 454 754 extremae
467 699 566 754 deutra
578 702 709 773 laevaque
722 705 876 770 trahuntur,
920 721 959 762 ast

104 777 233 831 Caemlea
252 777 338 844 glacie
356 780 499 830 concretae
517 781 600 846 atquc
618 780 751 834 imbribus
769 781 854 846 atris;

105 853 163 906 Has
180 853 254 907 inter
273 853 444 922 mediamque
463 853 534 906 duae
553 857 714 910 mortalibus
731 858 821 926 aegris

104 929 219 983 Munere
238 946 380 984 concessae
399 929 497 996 divom,
517 935 546 984 ct
564 931 607 985 via
625 938 700 987 secta
717 951 767 1002 per
784 933 885 999 ambas,

104 1006 235 1076 Obliquus
253 1024 307 1075 qua
326 1024 355 1060 se
374 1007 511 1074 signorum
530 1013 653 1063 verteret
673 1011 745 1064 erdo.

104 1083 228 1146 Mundus,
240 1088 272 1136 ut
283 1083 319 1136 ad
332 1084 467 1150 Scythiam
487 1084 676 1155 Rhipaeasque
689 1087 790 1140 arduus
801 1101 877 1141 arces
919 1100 956 1139 tae

104 1160 256 1228 Consurgit,
275 1160 408 1228 premitur
428 1160 528 1226 Libyae
548 1162 668 1216 devexus
686 1164 713 1216 in
731 1167 846 1218 arastros.

105 1236 157 1289 Hic
175 1241 270 1289 vertex
288 1235 365 1288 nobis
384 1253 492 1304 semper
510 1237 646 1305 sublimis;
666 1245 695 1293 at
713 1240 788 1293 illum

104 1312 160 1366 Sub
178 1312 293 1381 pedibus
312 1313 378 1379 Styx
397 1317 458 1364 atra
475 1313 551 1367 videt
570 1316 719 1386 Manesque
738 1314 873 1385 profundi.

104 1389 248 1442 Mamurius
264 1389 308 1442 hic
327 1389 399 1441 ticau
418 1389 524 1443 sinuosa
543 1391 661 1446 elabitur
681 1393 786 1460 Anguis

104 1465 211 1519 Circum
229 1483 333 1535 perque
352 1465 420 1520 duas
438 1467 465 1519 in
484 1484 587 1521 morem
605 1469 721 1524 fluminis
741 1471 848 1537 Arcas,
920 1483 955 1522 24⁵

105 1543 205 1595 hrctos
225 1541 324 1596 Oceani
342 1543 490 1596 metuentis
508 1561 626 1612 aequore
644 1547 738 1614 tingui.

105 1618 170 1687 Illic,
188 1622 219 1672 ut
237 1618 389 1688 perhibent,
408 1624 456 1672 aut
474 1620 640 1688 intempesta
658 1623 719 1676 silet
736 1639 789 1676 nox

104 1698 224 1764 Semper,
243 1699 271 1749 ct
289 1695 402 1749 obtenta
420 1696 570 1750 densantur
583 1703 663 1752 nocte
678 1699 814 1765 tenebrae,

104 1773 162 1826 Aut
180 1773 253 1826 redit
272 1789 288 1825 a
306 1771 383 1825 nobis
403 1774 512 1826 Aurora
531 1773 658 1842 diemque
677 1775 791 1842 reducit,

103 1849 215 1918 Nosque
233 1849 279 1903 ubi
298 1850 400 1918 primus
418 1850 494 1918 cquis
514 1849 610 1903 Oriens
628 1851 740 1905 adflavit
758 1851 868 1917 anhelis,
917 1867 954 1905 ase

106 1926 163 1979 lllic
182 1943 242 1980 sera
259 1926 359 1980 rubens
378 1925 502 1980 accendit
520 1926 620 1980 lumina
639 1926 750 1995 Vesper.

105 2002 175 2054 Hinc
193 2005 372 2070 tempestates
391 2001 472 2054 dubio
490 2003 662 2070 praediscere
680 2004 754 2057 caelo

105 2078 257 2144 Possumus,
276 2078 337 2131 hinc
355 2079 505 2148 messisque
523 2079 595 2132 diem
613 2083 775 2148 tempusque
794 2080 910 2140 serendi,

104 2155 139 2208 Et
158 2154 267 2223 quande
284 2154 398 2208 infidum
416 2156 498 2208 remis
516 2156 646 2224 inpellere
664 2174 782 2210 mamror

104 2230 259 2297 Conveniat,
279 2231 387 2298 quando
405 2237 524 2285 armatas
542 2231 678 2286 deducere
696 2233 795 2296 classis,
916 2249 952 2287 aas

105 2309 162 2360 hut
180 2308 370 2375 tempestivam
388 2307 462 2361 silvis
479 2313 605 2361 evertere
623 2310 729 2377 pinum:

104 2383 162 2436 Nec
178 2383 282 2436 frustra
300 2384 436 2450 signorum
454 2383 543 2436 obitus
562 2385 732 2452 speculamur
750 2394 779 2439 ct
796 2392 880 2452 ortrra

104 2458 335 2528 Temporibusque
354 2476 448 2528 parem
467 2459 580 2512 divcrsis
598 2464 728 2527 quattuor
745 2479 851 2519 annum.

139 2535 267 2604 Frigidus
285 2535 429 2603 agricolam
449 2535 470 2587 si
488 2535 596 2603 quande
615 2533 736 2592 continet
753 2540 847 2607 imber,

105 2611 198 2677 hlulta,
217 2612 306 2664 serent
324 2628 395 2679 quae
413 2628 476 2664 mex
495 2611 568 2664 caele
587 2616 760 2681 properanda
777 2633 880 2683 scrcne,
916 2631 953 2668 seo

104 2687 243 2742 Maturare
261 2689 357 2741 datur:
378 2687 476 2740 durum
495 2688 623 2758 procudit
641 2695 733 2745 arator

104 2764 229 2818 Vemcn's
247 2763 355 2817 obtunsi
373 2763 492 2832 dentem,
510 2769 589 2819 cavat
607 2767 704 2820 arbore
723 2769 823 2832 lintres,

13 2899 14 2908 ,
107 2843 162 2895 hut
179 2841 270 2910 pecori
289 2841 394 2908 signum
414 2847 461 2895 aut
479 2859 606 2896 numeres
624 2844 753 2912 inpressit
770 2845 880 2898 acervis.

105 2918 246 2971 Exacuunt
264 2917 307 2970 alii
326 2918 410 2970 vallos
428 2919 571 2987 furcasque
590 2919 713 2987 bicornis,

105 2997 197 3064 Atque
217 2995 348 3049 hmcriua
366 3000 463 3064 parant
481 2995 572 3048 lentae
592 2997 740 3049 retinacula
756 2997 805 3049 riti
915 3011 952 3048 res

103 3071 181 3125 Nunc
199 3072 283 3125 facilis
301 3070 386 3125 rubea
404 3075 516 3126 texatur
534 3072 627 3124 fiscina
645 3073 735 3140 virga;

103 3147 181 3202 Nunc
199 3151 302 3202 terrete
320 3149 375 3216 igni
394 3149 495 3216 fruges,
512 3165 584 3200 nunc
598 3148 716 3216 frangite
735 3166 806 3202 saxo.

103 3224 208 3293 Quippe
227 3225 308 3278 ctiam
327 3224 404 3278 lestis
423 3222 557 3291 quaedam
575 3239 704 3278 exercere
722 3224 819 3279 diebus
