2290 3568
124 149 171 197 162
355 151 384 200 P.
404 151 559 202 VERGILI
577 151 745 200 MARONIS

124 226 179 280 Seu
196 227 281 280 crudo
299 229 361 283 fidit
378 247 497 298 pugnam
515 231 687 285 committere
706 234 807 300 caestu,

124 302 221 357 Cuncti
240 303 340 371 adsint,
357 309 529 374 meritaeque
547 310 709 376 exspectent
727 309 850 377 praemia
866 309 979 380 palmae

123 378 178 433 Ore
195 380 285 434 favete
303 397 404 448 omncs,
423 385 452 435 et
470 383 572 449 cingite
589 389 714 452 tempora
732 385 824 440 ramis.
955 401 977 442 71

157 457 201 510 Sic
217 457 291 510 latras
309 457 383 511 velat
401 461 526 512 materna
544 463 670 527 tempora
687 465 784 529 myrto.

124 533 184 587 Hoc
203 533 336 602 Helymus
353 534 426 600 facit,
446 535 497 588 hoe
515 536 574 588 aevi
594 539 718 589 maturus
735 539 860 604 Acestes,

123 611 185 664 Hoc
201 627 270 679 puer
289 613 430 678 Ascanius,
450 612 576 680 sequitur
595 629 664 680 quos
682 618 774 668 cetera
791 614 885 683 pubes.

122 687 175 740 Ille
192 703 208 740 e
226 687 337 741 coneilio
357 688 450 742 multis
469 705 531 742 cum
550 688 661 742 milibus
678 690 737 743 ibat
956 706 979 747 tt

125 763 170 816 Ad
187 764 331 832 tumulum,
350 781 449 832 magna
466 765 573 819 medius
592 766 740 820 comitante
758 770 875 821 caterva

76 894 81 902 ,
123 840 176 894 Hic
194 842 248 894 duo
266 841 320 896 rite
338 859 413 896 mero
432 842 519 896 libans
538 842 676 897 carchesia
694 843 801 898 Baccho

122 916 225 972 Fundit
243 919 326 986 hund,
345 918 399 972 duo
418 919 488 973 lacte
506 935 584 987 novo,
603 919 658 972 duo
676 921 807 988 sanguine
825 937 910 988 sacro,

123 993 332 1064 Purpureosque
350 995 415 1049 iacit
433 995 521 1064 flores,
539 1013 571 1050 ao
589 997 655 1050 talia
672 997 760 1050 fatur:

121 1071 319 1141 Salve„sanete
337 1089 444 1142 parens,
463 1073 577 1127 iterum:
596 1073 706 1139 salvete,
725 1072 829 1141 recepti
859 1071 861 1076 ’
955 1087 979 1126 ao

122 1148 295 1218 Nequiquam
312 1150 424 1215 cineres,
442 1150 602 1216 animaeque
620 1148 788 1218 umbraeque
806 1153 943 1218 paternae.

121 1224 184 1278 Non
201 1225 278 1278 licuit
296 1226 357 1278 finis
377 1226 461 1279 Italos
480 1226 628 1294 fataliaque
646 1242 718 1292 arva,

122 1300 147 1352 N
150 1318 181 1354 ee
193 1305 283 1355 tecum
295 1303 452 1366 Ausonium,
463 1302 626 1370 quicumque
639 1305 690 1369 est,
700 1318 832 1370 quaerere
842 1302 978 1371 Thybrim·

124 1376 236 1431 Dixerat
253 1378 328 1444 haee,
347 1378 435 1446 adytis
453 1395 513 1431 cum
531 1378 651 1431 lubricus
669 1379 765 1446 anguis
783 1378 818 1432 ab
836 1378 898 1432 imis

122 1453 232 1522 Septem
250 1455 346 1522 ingens
363 1471 450 1523 gyros,
469 1458 582 1522 septena
601 1455 738 1508 volumina
755 1455 849 1520 traxit,
953 1461 977 1502 ⁸⁸

123 1531 274 1600 Amplexus
292 1531 399 1599 placide
418 1531 553 1584 tumulum
572 1532 720 1600 lapsusque
737 1549 874 1601 perarua,

122 1607 269 1661 Caeruleus
286 1608 329 1662 cui
347 1611 427 1676 terga
444 1612 526 1662 notae
544 1609 697 1663 maculosus
715 1613 750 1662 ct·
761 1625 827 1662 auro

122 1684 268 1754 Squamsm
286 1685 451 1738 incendebat
469 1685 566 1753 fulgor,
584 1703 635 1739 ceu
653 1684 771 1738 nubibus
788 1701 867 1738 arcus

122 1760 198 1814 Mille
215 1761 279 1814 iacit
298 1762 386 1814 varios
405 1761 522 1816 adverso
540 1762 596 1816 sole
615 1762 725 1816 colores.

122 1837 262 1906 Obstipuit
281 1838 339 1891 visu
359 1839 475 1892 Aeneas.
515 1839 567 1892 Ille
585 1839 693 1907 agmine
711 1838 791 1905 longo
953 1850 978 1890 so

122 1913 242 1968 Tandem
260 1915 332 1967 inter
349 1918 459 1982 pateras
478 1919 506 1967 et
524 1915 593 1968 levia
611 1915 708 1984 pocula
726 1930 838 1982 serpens

123 1990 286 2058 Libavitque
305 1989 397 2059 dapes,
416 2005 565 2058 rursusque
584 1992 709 2045 innoxius
727 1992 782 2044 imo

122 2067 258 2120 Successit
276 2065 388 2133 tumulo,
407 2069 437 2119 et
456 2065 570 2134 depasta
588 2068 685 2122 altaria
704 2067 791 2135 liquit.

123 2142 184 2196 Hoc
201 2142 288 2210 magis
305 2142 428 2210 inceptos
446 2143 564 2210 genitori
583 2145 720 2198 instaurat
737 2143 861 2210 honores,

123 2219 256 2287 Incertus,
276 2219 427 2273 Geniumne
445 2220 495 2274 loci
513 2219 680 2274 farrmlumne
699 2220 821 2288 parentis
953 2235 978 2274 eo

123 2296 189 2350 Esse
207 2299 302 2364 putet;
320 2296 411 2352 caedit
429 2298 506 2351 binas
525 2299 560 2351 de
577 2311 653 2352 more
672 2296 799 2363 bidentis,

122 2372 229 2442 Totque
246 2389 315 2435 sues,
333 2373 450 2426 totidem
467 2374 600 2441 nigrantis
618 2378 697 2441 terga
714 2373 855 2438 iuvencos;

123 2449 248 2517 Vinaque
266 2446 400 2502 fundebat
417 2451 527 2518 pateris,
548 2451 720 2517 arrinramque
740 2449 854 2503 vocabat

123 2526 260 2580 Anchisae
278 2526 368 2593 irrogni
388 2527 531 2594 Manisque
552 2527 710 2580 Acheronte
728 2527 862 2580 remissos

123 2603 181 2657 Nee
199 2618 253 2654 non
271 2605 299 2655 et
318 2603 388 2667 socii,
407 2619 477 2671 quae
496 2603 594 2670 cuique
613 2607 656 2656 est
676 2603 760 2671 copia,
780 2602 845 2656 laeti
863 2625 873 2635 r
944 2615 979 2654 1oo

123 2678 201 2731 Dona
218 2679 317 2746 lerunt,
337 2683 451 2733 onerant
470 2696 539 2746 aras,
558 2683 736 2746 mactantque
755 2679 897 2744 iuvencos;
926 2698 929 2703 ·

123 2755 226 2809 Ordine
243 2771 312 2810 aena
330 2756 420 2810 locant
438 2757 488 2822 alil,
508 2756 615 2824 fusique
633 2772 683 2824 per
702 2755 815 2808 horbam

122 2832 276 2887 Subliciunt
294 2832 404 2886 veribus
422 2849 522 2902 prunas
542 2836 571 2885 et
590 2832 692 2885 viscera
712 2834 828 2884 torrent.

159 2911 324 2978 Exspectata
340 2909 399 2964 illes
417 2910 514 2962 aderat
531 2925 684 2976 nonamque
703 2924 800 2961 serena

123 2983 457 3040 Auroram'Phacthontis
475 2985 538 3054 equi
556 2985 610 3038 iam
628 2985 688 3037 luce
707 2983 851 3050 vehebant,
944 2995 979 3035 10⁵

124 3063 262 3132 Fanraquc
282 3063 410 3116 finitimos
428 3067 457 3116 et
475 3061 540 3115 clari
558 3077 656 3113 nomen
676 3062 795 3113 Acestae

123 3137 265 3203 Excierat;
284 3139 356 3193 laeto
373 3137 537 3207 conplebant
555 3137 636 3190 litora
654 3139 741 3200 coctu,

123 3213 215 3268 Visuri
238 3215 388 3280 Aeneadas,
407 3231 471 3283 pars
490 3216 519 3267 et
536 3216 642 3266 certare
661 3211 759 3279 parati.
