2268 3570
152 164 199 214 270
377 161 405 208 P.
425 158 578 208 VERGILI
597 157 762 207 MARONIS

151 241 206 298 Seu
225 243 290 297 fatis
311 241 413 296 Italum
434 243 523 294 castra
543 239 685 294 obsidione
703 243 840 307 tenentur,

150 319 213 375 Sive
233 335 325 374 erroro
344 318 415 371 malo
436 317 532 370 Troiae
552 316 717 384 monitisque
737 315 862 371 sinistris.
964 332 1002 370 ue

151 396 209 450 Nec
230 396 347 450 Rutulos
366 395 446 448 solvo.
484 393 538 447 Sua
557 393 656 460 cuique
674 408 773 445 exorsa
791 392 912 448 laborem

151 471 355 540 Fortunamque
374 470 471 524 ferent.
508 469 569 523 Rex
591 468 719 537 Iuppiter
738 470 864 523 omuibus
884 470 965 523 idem,

150 547 221 601 Fata
240 547 311 600 viam
330 545 476 599 invenient.
514 545 601 613 Stygii
622 561 672 613 per
691 544 803 599 flumina
819 546 918 610 fratris,

150 624 204 678 Per
222 625 282 693 pice
300 622 432 677 torrentis
452 625 567 689 atraque
583 621 712 688 voragine
731 621 805 691 ripas

150 700 264 766 Adnuit,
283 703 311 754 et
327 703 417 753 toturn
432 703 501 752 nutu
517 697 671 752 tremefecit
682 700 684 705 '
694 696 846 766 Olympum.
963 714 1000 752 111

151 777 205 830 Hie
223 777 285 830 finis
302 776 383 829 fandi.
421 775 494 829 Solio
513 778 573 828 tum
595 775 722 843 luppiter
741 791 823 828 aureo

149 852 249 920 Surgit,
269 851 412 906 caelicolae
430 851 551 904 medium
570 867 653 919 quern
673 850 709 904 ad
728 851 822 904 limina
841 851 961 905 ducunt.-

184 928 296 982 Interea
315 927 412 980 Rutuli
429 927 516 996 portis
536 927 637 980 circum
657 927 783 980 ornnibus
801 927 903 981 instant

148 1003 276 1058 Sternere
294 1004 378 1058 enode
396 1004 476 1068 viros,
495 1007 524 1056 et
543 1003 649 1056 moenia
667 1004 776 1071 cingere
794 1003 915 1056 flammis.

149 1083 189 1133 At
208 1080 280 1148 legio
300 1080 462 1133 Aeneadum
480 1079 557 1132 vallis
576 1078 687 1132 obsessa
706 1083 824 1146 tenetur,
964 1093 998 1132 111

149 1155 208 1209 Nee
224 1173 286 1224 spes
305 1156 360 1209 ulla
378 1156 467 1224 fugae.
505 1155 600 1209 Miseri
619 1159 694 1208 stant
712 1155 835 1210 turribus
855 1156 919 1209 altis

149 1232 331 1300 Nequiquam,
351 1237 380 1286 et
399 1249 462 1286 rara
480 1248 573 1285 muros
592 1232 702 1286 cinxere
722 1249 835 1286 corona:

149 1308 233 1362 Asius
253 1308 422 1362 Imbrasides
442 1308 675 1376 Hicetaoniusque
695 1309 858 1378 Thymoetes

148 1385 330 1452 Assaracique
349 1384 403 1437 duo
422 1387 451 1438 et
471 1383 561 1438 senior
579 1400 642 1436 cum
662 1384 776 1439 Castore
795 1384 944 1454 Thymbria,

149 1461 240 1513 Prima
258 1461 347 1523 acies;
364 1460 414 1512 hos
432 1460 555 1528 germani
575 1459 739 1529 Sarpedonis
757 1461 845 1528 ambo,
961 1476 997 1515 111

147 1537 184 1590 111
203 1536 298 1589 Clarus
319 1539 348 1590 et
369 1535 497 1601 Theman,
518 1535 599 1603 Lycia
617 1537 782 1590 comitantur
801 1537 836 1590 ab
855 1537 918 1592 alta.

148 1613 214 1667 Fert
232 1613 328 1681 ingens
347 1617 406 1667 toto
425 1612 557 1666 connixus
577 1629 689 1681 corpore
711 1629 814 1678 saxum,

150 1689 231 1742 Haud
250 1693 358 1758 partem
377 1689 505 1756 exiguam
525 1688 633 1756 montis,
655 1689 800 1756 Lyrnesius
823 1693 935 1756 Acmon,

145 1765 203 1819 Nec
223 1766 312 1835 Clytio
327 1765 453 1833 genitore
471 1765 566 1829 minor,
586 1781 635 1818 nec
656 1765 742 1818 fratre
764 1766 933 1820 Menestheo.

148 1842 185 1895 Hi
202 1843 304 1908 iaculis,
325 1843 364 1894 illi
385 1845 492 1894 certant
512 1841 661 1894 defendere
681 1842 760 1907 saxis,
959 1856 996 1896 111

146 1919 292 1986 Molirique
312 1919 411 1986 ignem,
430 1933 571 1985 nervoque
587 1921 683 1986 aptare
703 1919 823 1986 sagittas.

146 1995 210 2062 lpse
230 1995 303 2048 inter
321 1993 433 2060 medios,
454 1993 570 2046 Veneris
589 1993 739 2047 iustissima
759 2011 831 2062 cura,

145 2069 299 2123 Dardanius
320 2073 410 2138 eaput,
430 2085 500 2135 ecee,
521 2085 591 2137 puer
611 2068 737 2122 detectus
753 2070 906 2137 honestum,

145 2146 238 2210 Qualis
257 2163 372 2214 gemma,
392 2146 483 2212 micat,
501 2145 606 2198 fulvum
623 2161 693 2214 quae
713 2145 812 2199 dividit
830 2162 932 2214 aarum,

146 2227 203 2277 Aut
222 2223 291 2276 collo
311 2223 394 2276 decus
413 2225 461 2276 aut
480 2221 579 2290 capiti:
602 2221 645 2275 vel
665 2221 745 2288 quale
763 2239 814 2291 per
834 2225 922 2276 artem
958 2236 994 2275 iss

147 2299 283 2352 lnclusum
302 2299 376 2352 buxo
395 2302 443 2352 aut
463 2297 555 2351 Oricia
574 2297 731 2351 terebintho

145 2375 231 2429 Lucet
251 2375 335 2438 ebur3
352 2375 426 2427 fusos
446 2374 537 2427 cervix
557 2374 601 2426 cui
619 2373 707 2426 lactea
726 2374 807 2427 erinis

145 2451 253 2519 Accipit
273 2454 302 2504 et
321 2450 395 2502 molli
416 2448 554 2502 subnectit
573 2449 689 2502 circulus
710 2466 784 2503 auro.

143 2528 181 2581 Te
201 2543 310 2596 quoque
329 2525 517 2592 magnanimae
537 2524 674 2591 viderunt,
694 2525 806 2594 Ismaro,
825 2532 923 2595 gentes

146 2604 263 2656 Volnera
282 2601 408 2668 dirigere,
429 2605 457 2653 et
475 2600 592 2654 calamos
611 2617 718 2655 armare
739 2619 851 2670 veneno,
957 2617 992 2657 111

146 2679 271 2733 Maeonia
289 2693 422 2746 generose
443 2677 524 2729 domo
550 2676 598 2729 ubi
615 2677 727 2744 pinguia
744 2678 818 2732 culta

146 2757 333 2822 llxerceutque
352 2753 410 2818 viri,
433 2752 614 2820 Pactolusque
634 2753 735 2820 inrigat
756 2772 830 2808 auro.

145 2831 242 2886 Adfuit
261 2835 290 2885 et
310 2830 478 2890 Mnestheus,
498 2845 579 2897 quom
599 2829 671 2898 pulsi
691 2831 806 2898 pristina
825 2831 909 2884 Turni

144 2910 254 2977 Aggere
273 2922 427 2961 moerorum
447 2905 590 2958 sublimem
610 2905 698 2972 gloria
717 2907 795 2975 tollit,

142 2985 178 3038 111
198 2983 301 3052 Capys:
327 2982 391 3035 binc
409 2997 508 3033 nomen
528 2981 681 3048 Campanae
701 2982 810 3036 ducitur
831 2983 900 3038 urbi.
956 3000 993 3040 111

177 3060 222 3113 1111
242 3060 315 3112 inter
335 3073 396 3110 sese
415 3056 477 3109 duri
498 3057 648 3109 certamina
668 3057 732 3110 belli

141 3137 335 3190 Contulerant:
354 3133 445 3186 media
463 3136 572 3186 Aeneas
587 3133 660 3186 freta
677 3137 756 3187 nocte
775 3135 896 3194 secabat¹

141 3211 277 3282 Namque,
296 3213 329 3263 ut
348 3209 384 3262 ab
404 3208 532 3262 Euandro
551 3208 649 3262 castris
668 3209 808 3278 ingressus
830 3211 963 3282 Etruscis,

1113 3053 1115 3193 l
