2268 3570
136 155 184 202 294
365 151 392 198 l’.
423 149 568 198 VERGILI
592 147 759 196 MARONIS

137 234 177 287 At
194 249 248 286 uon
267 231 424 285 Euandrum
443 231 516 300 potis
534 231 636 284 astris
654 230 710 283 ulla
726 233 839 292 teuere;

136 308 192 364 Sed
209 309 285 362 venit
303 309 330 360 in
349 307 460 361 medios.
497 307 612 360 Feretro
632 307 756 360 Pallanta
773 306 883 374 reposto

137 384 286 439 Procubuit
298 401 386 452 super,
399 389 483 452 atque
495 383 591 437 haeret
603 383 801 451 lacrimansque
809 398 983 452 gemensque,
1055 387 1057 391 ’

137 463 173 515 llt
191 462 234 514 via
251 461 296 513 vix
315 461 427 513 tandem
446 461 504 513 voci
522 460 614 514 laxata
632 460 725 512 dolore
744 463 801 512 est:
953 475 984 512 rar

137 539 197 591 Non
216 538 288 600 haec,
307 553 323 590 ο
343 537 426 604 Palla,
446 535 563 590 dederas
581 536 715 604 promissa
732 535 847 604 parenti,

135 614 249 668 Cautius
267 617 299 666 ut
317 629 398 666 saevo
416 612 499 665 velles
517 615 546 665 te
565 611 677 666 credere
696 612 788 670 Marti.

138 691 220 743 llaud
238 690 349 756 ignarus
367 705 450 756 eram,
468 692 600 756 quantum
619 705 689 741 nova
706 688 793 755 gloria
810 687 838 739 in
856 689 939 739 armis

137 768 171 821 Et
189 767 335 836 praedulce
354 765 437 818 decus
454 765 543 832 prime
562 767 710 818 certamine
728 768 828 832 posset.
950 778 985 820 156

138 843 276 896 Primitiae
295 841 401 895 iuvenis
418 841 543 906 miserae,
562 840 682 910 bellique
701 839 847 908 propinqui

135 919 210 972 Dura
228 918 396 972 rudimenta!
422 921 451 970 ot
468 917 535 969 nulli
554 917 683 970 exaudita
700 915 813 968 deorum

138 995 206 1048 Vota
221 1010 369 1062 precesque
387 997 477 1046 meae!
503 997 596 1060 tuque,
615 1010 631 1046 o
649 992 817 1045 sanctissima
835 993 956 1058 coniunx,

135 1070 212 1124 Felix
230 1075 319 1123 morte
338 1074 393 1135 tua,
412 1085 501 1138 neque
520 1069 547 1121 in
565 1069 636 1122 hunc
655 1073 763 1122 serrata
781 1068 914 1121 dolorem!

134 1147 238 1200 Contra
256 1163 306 1213 ego
325 1145 441 1199 vivendo
459 1145 511 1198 vici
529 1163 590 1198 mea
608 1145 672 1209 fata,
691 1149 829 1213 superstes
950 1159 986 1196 roo

134 1223 278 1276 Restarem
297 1228 328 1276 ut
346 1223 460 1289 genitor.
499 1223 600 1274 Troum
619 1222 691 1275 secia
709 1237 785 1274 arma
803 1224 926 1274 secutum

133 1298 288 1351 Obruercnt
307 1298 402 1350 Rutuli
422 1299 497 1351 telis!
518 1299 634 1350 animam
653 1299 712 1367 ipse
729 1297 874 1363 dedissem,

135 1377 229 1442 Atque
242 1373 309 1427 haec
321 1390 419 1442 pompa
432 1374 542 1426 domum
556 1391 607 1441 me,
620 1391 674 1428 non
688 1374 821 1440 Pallanta,
834 1374 965 1427 referret!

134 1450 192 1504 Nec
209 1466 257 1503 vos
275 1449 419 1517 arguerim,
437 1450 540 1514 Teucri,
559 1467 609 1504 nee
627 1451 744 1513 foedera
763 1467 813 1504 nec
831 1466 899 1518 quas

135 1527 277 1580 [unximus
295 1525 413 1594 hospitio
431 1527 558 1592 dextras;
583 1544 641 1580 sors
659 1527 713 1580 ista
730 1531 856 1580 senectae
950 1541 986 1580 165

137 1603 235 1656 llebita
253 1607 314 1656 crat
332 1607 447 1656 nostrae.
485 1603 565 1667 Quod
584 1603 606 1655 si
625 1604 762 1656 inmatura
779 1603 907 1657 manebat

134 1680 209 1733 Mors
227 1682 348 1747 gnatum,
367 1681 453 1731 caesis
475 1680 635 1733 Volscorum
654 1679 763 1732 milibus
782 1684 846 1733 ante

135 1757 287 1810 Ducentem
305 1756 333 1808 in
352 1756 461 1808 Latium
481 1757 599 1809 Teucros
617 1756 747 1809 cecidisse
765 1756 877 1810 iuvaret.

135 1833 205 1898 Quin
224 1849 346 1901 egenen
366 1832 418 1884 alio
437 1833 535 1900 digner
552 1838 581 1886 te
599 1833 700 1896 funere,
721 1833 802 1899 Palla,

135 1910 221 1974 Quam
232 1911 293 1977 pius
306 1910 421 1975 Aeneas,
434 1913 463 1962 et
472 1927 554 1977 quam
567 1909 657 1976 magni
672 1909 800 1976 Phryges,
814 1914 842 1962 et
855 1925 936 1977 quam
949 1924 985 1963 170

134 1985 318 2054 Tyrrhenique
337 1985 428 2052 dueeS,
447 1985 616 2054 Tyrrhenum
634 1985 771 2038 exercitus
789 1986 883 2037 omnis.

135 2061 235 2129 Magna
252 2066 364 2129 tropaea
381 2061 480 2129 ferunt,
499 2078 568 2129 quos
586 2061 635 2114 dat
653 2065 702 2114 tua
720 2061 835 2114 dextera
853 2061 923 2127 leto;

134 2138 175 2190 'fu
193 2154 301 2206 quoque
319 2154 390 2190 nunc
409 2142 496 2190 stares
514 2138 630 2190 inmanis
648 2141 761 2190 truncus
780 2138 806 2190 ln
826 2139 916 2204 armis,

136 2216 216 2268 Esset
234 2231 283 2281 par
301 2218 377 2267 aetas
395 2219 423 2268 et
441 2214 515 2267 idem
534 2215 556 2266 si
575 2213 658 2267 robur
676 2215 711 2267 ab
728 2215 812 2279 annis,

134 2292 230 2344 Tume.
267 2291 322 2344 Sed
339 2291 432 2344 infelix
451 2291 569 2342 Teucros
587 2291 653 2359 quid
671 2291 798 2344 demoror
815 2293 914 2346 aruris?
949 2307 980 2352 151

135 2367 237 2420 Vadite
256 2371 284 2420 et
302 2367 369 2420 haec
387 2383 521 2419 memores
538 2367 596 2434 regi
614 2367 743 2420 mandata
760 2368 876 2422 referte:

135 2444 214 2508 Quod
233 2445 316 2496 vitam
335 2459 426 2495 moror
443 2443 565 2508 invisam,
588 2443 709 2496 Pallante
727 2451 876 2514 perempto,

135 2521 257 2574 Dextera
274 2536 369 2572 caussa
386 2523 434 2572 tua
453 2522 503 2583 est,
522 2519 642 2570 Turnum
659 2524 797 2588 gnatoque
815 2523 939 2590 patrique

135 2597 221 2661 Quam
240 2597 342 2649 debere
360 2595 443 2648 vides.
480 2595 588 2648 Meritis
606 2600 684 2648 vacat
701 2595 744 2649 hie
761 2596 813 2649 tibi
832 2599 904 2652 solus

138 2675 327 2740 Fortunaeque
345 2672 426 2724 locus.
463 2672 487 2724 N
490 2688 524 2723 on
543 2672 616 2724 vitae
632 2671 733 2739 gaudia
751 2690 867 2742 quaero,

135 2750 160 2802 N
162 2766 193 2803 ee
211 2749 266 2814 fas;
285 2748 333 2802 sed
352 2752 435 2816 gnato
454 2747 543 2800 Manis
561 2748 683 2816 perferre
701 2749 751 2803 sub
769 2750 843 2804 imos.

170 2827 279 2879 Aurora
297 2825 401 2877 interea
418 2824 525 2876 miseris
543 2824 705 2878 mortalibus
723 2827 819 2880 almam

135 2900 280 2953 Extulerat
297 2900 392 2965 lucem,
411 2899 532 2952 referens
550 2917 632 2968 opera
649 2905 733 2970 atquo
751 2903 870 2959 labores:

137 2975 196 3028 lam
214 2980 294 3043 pater
314 2978 428 3042 Aeneas,
446 2975 499 3028 iam
519 2993 601 3030 curvo
619 2978 647 3030 in
665 2978 745 3034 litore
764 2980 885 3033 Tarchon

136 3051 310 3104 Constituere
328 3069 418 3120 pyras.
456 3053 518 3106 Huc
536 3069 651 3122 corpora
669 3055 785 3123 quisque
804 3073 912 3109 suorum
950 3071 986 3110 res

136 3127 214 3181 More
232 3127 320 3180 tulere
338 3133 463 3196 patrum;
485 3130 671 3199 subiectisque
689 3132 796 3199 ignibus
814 3132 882 3185 atris

136 3202 271 3256 Conditur
289 3203 316 3256 in
335 3205 463 3260 tenebras
481 3206 567 3261 altum
585 3207 700 3274 caligine
718 3207 828 3261 caelum.
