2266 3562
139 127 167 169 48
365 119 393 165 l’.
417 117 565 166 veneral
584 118 714 166 Menon
715 119 748 167 IS

138 205 272 260 Versibus
290 206 434 272 incomptis
452 203 550 258 ludunt
571 205 681 272 risuque
699 205 796 271 solute,

139 283 249 352 Oraque
266 281 413 335 corticibus
432 287 542 334 sumunt
560 281 696 334 horrenda
713 282 822 351 cavatis,

140 360 176 412 llt
194 363 230 424 tc,
250 359 363 423 Bacche,
382 361 480 412 vocant
498 375 548 427 per
567 358 687 410 carmina
705 358 785 426 laeta,
804 359 911 428 tibique

142 436 242 488 Oseilla
260 452 293 488 ex
313 435 368 488 alta
387 434 557 503 suspendunt
575 433 667 486 mollia
684 435 756 502 pinu.

142 514 212 566 Hine
233 513 320 582 omnis¹
339 512 414 580 large
432 511 557 580 pubescit
575 511 653 563 vinea
671 511 736 578 fetu,
957 523 994 564 stc

141 589 308 656 Conplcntur
327 588 467 656 vallesque
486 604 567 640 cavae
587 587 725 654 saltusque
744 587 880 654 profundi,

142 665 177 717 Et
196 681 367 732 quocumque
386 663 455 717 deus
474 664 574 717 circum
593 667 674 731 caput
693 666 750 730 egit
768 663 917 716 lmnestrnn.

142 741 214 808 llrgo
232 741 284 793 rite
303 757 381 792 suum
401 740 506 793 Baccho
525 739 646 793 dicemus
664 739 792 790 honorem

142 816 313 869 Carminibus
331 816 427 884 patriis
445 816 591 884 lancesque
610 820 638 867 et
655 815 711 867 liba
728 815 853 882 feremus,

144 893 179 945 nt
198 892 296 946 duetus
314 909 397 944 eemu
415 891 499 944 stabit
519 907 594 944 sacer
611 890 701 944 hircus
718 890 754 944 ad
773 907 855 956 aram,
957 905 995 946 sas

143 969 312 1036 l'inguiaque
330 967 357 1020 in
376 968 485 1020 veribus
503 966 668 1020 torrebimus
687 971 751 1020 exta
768 967 891 1020 colurnis.

177 1045 227 1098 llst
245 1045 325 1097 etiam
345 1044 390 1097 ille
409 1043 485 1096 labor
502 1043 629 1096 curandis
647 1043 749 1097 vitibus
766 1043 844 1110 alter,

143 1121 192 1174 Oui
211 1137 358 1187 numquam
376 1120 500 1172 exhausti
520 1119 587 1172 satis
605 1123 665 1174 est:
684 1135 802 1188 namque
825 1135 904 1173 omne
927 1127 995 1188 quot

210 1198 286 1249 annis

142 1275 248 1341 Terque
262 1277 414 1340 quaterque
428 1273 513 1324 solum
526 1272 714 1340 scindendum,
726 1271 878 1340 glaebaque
891 1272 977 1326 versis

144 1353 296 1403 Aeternum
314 1348 464 1415 frangenda
482 1348 656 1413 bidentibus;
674 1365 753 1401 omne
771 1348 915 1401 levandum
952 1364 989 1400 sn

144 1425 252 1478 Fronde
271 1442 373 1479 nemus.
412 1425 497 1478 Redit
515 1426 640 1492 agricolis
659 1425 735 1478 labor
753 1429 829 1478 actus
848 1425 874 1476 in
894 1424 995 1487 orbern,

144 1506 238 1570 Atque
256 1502 284 1554 in
303 1519 332 1556 sc
350 1519 466 1569 suaper
484 1501 600 1568 vestigia
617 1501 735 1554 volvitur
752 1518 847 1554 annus.

145 1581 187 1632 Ac
206 1579 258 1631 iam
277 1579 341 1631 olim
360 1595 434 1632 seras
453 1578 544 1646 posuit
562 1595 623 1630 eum
642 1579 720 1631 vinea
738 1577 849 1630 frondes

144 1655 271 1723 Frigidus
289 1659 318 1708 et
336 1655 409 1708 silvis
428 1654 518 1722 aquilo
537 1653 658 1706 decussit
676 1653 812 1719 honorem,

145 1732 203 1784 Iam
217 1737 274 1785 tum
287 1748 350 1786 acer
362 1749 440 1784 curas
453 1731 607 1783 venientem
620 1729 746 1783 extendit
759 1729 786 1782 in
798 1747 898 1782 annum
954 1743 990 1784 tos

145 1809 282 1875 Rusticus,
301 1813 329 1862 et
348 1825 429 1861 enrvo
449 1806 559 1860 Saturni
579 1806 663 1859 dente
682 1807 803 1859 relictam

145 1885 322 1952 Persequitur
340 1885 424 1937 vitem
443 1882 589 1936 atterulcns
608 1882 740 1950 fingitque
759 1883 888 1951 putando.

145 1963 251 2014 Primus
269 1961 382 2014 humum
401 1960 495 2027 fodito,
514 1959 617 2027 primus
636 1959 749 2012 devecta
766 1965 885 2014 cremato

145 2039 295 2104 Sarmenta,
314 2041 342 2091 ct
361 2036 444 2089 vallos
463 2036 565 2104 primus
585 2035 635 2088 sub
654 2041 726 2089 tecta
745 2035 862 2100 referto;

146 2115 303 2167 Postremus
321 2113 423 2166 metito.
462 2113 508 2166 Bis
528 2111 629 2164 vitibus
648 2113 749 2179 ingruit
767 2112 878 2176 umbra;
961 2127 998 2165 410

147 2191 193 2244 Bis
212 2193 333 2256 segetem
351 2189 442 2242 densis
460 2188 600 2241 obducunt
619 2187 741 2241 sontibus
758 2188 874 2254 herbac;

147 2267 237 2319 Durus
255 2270 372 2334 uterquc
391 2266 479 2318 labor:
498 2264 608 2318 laudato
627 2265 748 2332 ingentia
766 2281 837 2333 rura,

147 2343 283 2410 Exiguum
302 2343 389 2398 colito.
426 2342 485 2394 Nee
503 2358 556 2394 nen
576 2343 658 2393 etiam
678 2357 774 2408 aspera
791 2341 861 2394 rusci

147 2419 256 2471 Vimina
274 2435 323 2485 per
342 2419 444 2482 silvam,
463 2421 493 2470 et
512 2417 576 2484 ripis
596 2417 713 2474 fluvialis,
725 2416 830 2468 arundo

147 2496 285 2562 Caeditur,
304 2494 453 2562 incultique
472 2499 582 2547 exercet
600 2510 664 2546 eura
683 2493 777 2545 salicti.
963 2509 1000 2550 ns

148 2573 207 2626 Iam
226 2571 332 2624 vinctae
352 2571 427 2637 vites,
446 2571 499 2623 iam
519 2570 614 2622 falcem
633 2569 746 2622 arbusta
764 2573 907 2636 reponunt,

150 2650 207 2702 lam
226 2649 297 2701 canit
316 2647 425 2701 effectos
444 2653 583 2700 extremus
602 2647 703 2699 vinitor
721 2649 812 2698 antes:

148 2724 323 2780 sollicitanda
343 2728 432 2777 tamen
452 2723 541 2788 tellus,
559 2723 702 2792 pulvisque
722 2721 878 2787 movendus,

148 2801 184 2855 ln
202 2803 255 2854 iam
274 2801 389 2853 maturis
407 2799 571 2852 metuendus
592 2799 717 2867 luppiter
736 2797 803 2850 uvis.

184 2879 285 2931 Contra
302 2894 355 2930 nou
375 2877 429 2930 ulla
448 2880 489 2930 est
508 2876 573 2929 oleis
592 2876 714 2939 cultura;
732 2891 820 2943 neque
838 2875 900 2928 illae
967 2890 1001 2928 no

149 2955 312 3008 Procurvam
332 2956 492 3022 exspectant
510 2953 605 3006 falcem
624 2955 781 3027 rastrosque
799 2952 908 3020 tenacis,

149 3032 216 3085 Cum
236 3031 318 3084 semel
338 3030 485 3083 haeserunt
504 3029 576 3081 arvis
595 3045 729 3094 aurasque
747 3028 885 3093 tulerunt;

151 3107 214 3175 ipsa
233 3107 298 3160 satis
317 3106 407 3173 tellus,
426 3122 487 3157 eum
506 3105 588 3157 dente
606 3103 757 3156 recluditur
775 3120 851 3170 unco,

149 3182 253 3240 Sufficit
271 3182 412 3236 humorem
430 3184 459 3235 et
476 3179 603 3247 gravidas
621 3195 681 3232 cum
700 3195 809 3232 vomere
826 3180 933 3248 fruges;
