2290 3568
351 515 382 564 P.
400 513 554 562 VERGILI
572 511 737 561 MARONIS

317 668 774 746 AENEIDOS

376 872 492 925 LIBER
523 869 717 924 SEPTIMUS.

493 1033 595 1058 -μ-

123 1146 164 1200 Τυ
182 1160 290 1214 queque
307 1143 434 1196 litoribus
451 1145 559 1210 nostris,
580 1147 685 1199 Aeneia
701 1146 802 1212 nrrtrix,

124 1225 275 1276 Aeternam
293 1219 411 1272 moriens
429 1219 536 1286 lamam,
556 1221 659 1288 Caieta,
679 1221 794 1286 dedisti;

124 1299 160 1351 Et
177 1313 248 1350 nunc
266 1299 356 1348 servat
373 1294 457 1347 henos
476 1295 569 1348 sedem
588 1301 660 1365 tuna,
679 1315 795 1367 ossaque
812 1315 910 1352 nemen

124 1373 260 1440 Hesperia
276 1371 305 1423 in
323 1388 429 1438 magna,
448 1372 471 1423 si
489 1389 543 1440 qna
562 1377 604 1426 est
623 1391 655 1427 ea
671 1373 765 1441 gloria,
785 1375 881 1438 signat.

125 1452 164 1501 At
182 1449 243 1517 pius
262 1447 398 1514 exsequiis
419 1449 526 1501 Aeneas
545 1449 598 1502 rite
617 1450 720 1516 solutis
961 1465 972 1503 ⁵

124 1527 235 1593 Aggere
253 1524 392 1592 conposito
411 1524 515 1590 tumuli,
534 1529 678 1594 postquam
697 1528 752 1580 alta
770 1527 899 1595 quierunt

125 1603 261 1671 Aequora,
279 1601 370 1655 tendit
387 1601 442 1653 itcr
461 1601 535 1668 velis,
553 1607 718 1672 portumque
736 1603 873 1672 relinquit.

125 1679 276 1748 Adspirant
293 1695 375 1732 aurae
392 1677 421 1730 in
439 1683 554 1747 noctem,
573 1694 623 1734 nec
641 1680 757 1733 candida
775 1695 869 1733 cursus

125 1755 202 1808 Luna
219 1758 309 1823 negat,
328 1754 455 1823 splendet
473 1757 589 1808 tremule
609 1754 659 1808 sub
678 1755 778 1808 lumine
796 1759 862 1822 pont
896 1797 901 1809 .

127 1833 262 1884 Proxuma
280 1832 406 1885 Circaeae
425 1831 559 1885 raduntur
577 1832 658 1884 litora
679 1834 777 1898 terrac,
949 1846 973 1884 10

126 1908 208 1961 Dives
225 1909 375 1961 inaccessos
393 1907 440 1960 ubi
459 1907 529 1959 Solis
547 1907 602 1960 lilia
620 1908 692 1960 luces

126 1985 251 2037 Adsiduo
268 1987 377 2038 resonat
396 1987 484 2048 cantu,
503 1984 638 2051 tectisque
657 1983 781 2052 superbla

126 2061 189 2114 Urit
207 2060 349 2114 edoratam
367 2064 499 2112 nocturna
517 2059 542 2111 in
562 2060 666 2112 lumina
683 2059 802 2128 cedrum,

126 2140 234 2206 Arguto
253 2137 342 2190 tenuis
359 2153 522 2205 percurrens
542 2136 648 2204 pectine
667 2137 743 2190 telas.

127 2213 197 2267 llinc
215 2213 338 2267 exaudiri
356 2213 473 2281 gemitus
492 2213 604 2280 iraeque
623 2213 737 2278 leonum,
949 2228 973 2266 15

126 2290 221 2344 Vincla
239 2294 411 2343 recusantum
431 2293 459 2342 et
477 2306 537 2342 scra
556 2289 607 2341 sub
626 2294 705 2342 necte
723 2291 878 2356 rudentum,

126 2366 313 2434 Saetigerique
331 2382 393 2418 sues
412 2369 495 2432 atque
513 2366 540 2416 in
559 2365 737 2432 praesepibus
755 2365 811 2416 ursi

126 2442 241 2508 Sacrire,
260 2458 291 2494 ac
309 2441 411 2493 formae
429 2457 587 2507 magnorum
607 2440 711 2493 ululare
729 2440 860 2508 luporum,

126 2519 199 2582 Ques
217 2519 354 2570 hominum
373 2534 407 2569 ex
425 2517 492 2568 faeie
511 2517 563 2569 dea
581 2533 661 2569 saeva
679 2517 839 2584 potentibus
857 2517 951 2572 herbis

127 2595 258 2648 Induerat
278 2594 355 2646 Circe
372 2592 399 2644 in
419 2591 508 2645 voltus
526 2609 557 2645 ac
575 2597 654 2660 terga
672 2594 795 2646 lerannn.
951 2610 975 2649 a

126 2671 201 2733 Quae
218 2687 253 2725 ne
271 2671 392 2724 monstra
409 2669 446 2738 pii
465 2672 627 2739 paterentur
645 2669 710 2722 talia
729 2670 812 2724 Troes

126 2746 217 2800 Delati
235 2747 262 2799 in
281 2749 385 2815 portus,
403 2763 456 2800 neu
474 2746 554 2799 litera
572 2746 632 2799 dira
651 2746 782 2812 subirent,

125 2823 270 2892 Neptunus
288 2823 376 2877 ventis
394 2823 508 2893 inplevit
527 2823 586 2876 vela
604 2823 737 2888 secundis,

127 2901 221 2969 Atque
240 2900 332 2968 fugam
351 2901 437 2966 dedit,
456 2905 485 2954 ct
502 2903 613 2968 praeter
631 2900 703 2953 vada
721 2901 827 2956 fervida
844 2904 926 2956 vexit.

160 2978 275 3044 lamque
293 2976 455 3030 rubescebat
473 2977 557 3030 radiis
576 2994 658 3045 mare,
677 2981 707 3030 et
725 2978 836 3032 aethere
854 2978 889 3032 ab
907 2977 963 3032 alte

129 3057 237 3110 Aurora
254 3053 282 3106 in
300 3053 386 3106 reseis
404 3053 528 3122 fulgebat
546 3054 621 3107 lutea
638 3055 722 3123 bigis:

128 3131 196 3184 Cum
215 3131 288 3184 venti
307 3147 431 3200 posuere,
448 3131 590 3200 omnisque
608 3135 721 3199 repente
740 3133 843 3185 resedit

128 3206 232 3274 Fletus,
250 3207 324 3262 etin
342 3207 417 3264 lente
434 3207 573 3262 luctantur
591 3224 726 3262 marmore
745 3211 845 3264 tonsae.
