2278 3568
127 148 174 197 140
360 149 390 198 P.
409 147 561 196 VERGILI
578 145 745 195 MARONIS

127 227 270 281 Veri-imus
288 233 316 281 et
334 228 413 297 proni
430 227 600 282 certantibus
617 243 737 296 aequora
753 226 841 280 remis.

127 305 224 369 Sensit,
242 308 271 358 et
289 305 324 358 ad
342 305 459 358 sonitum
478 305 550 357 vocis
570 305 686 372 vestigia
704 304 792 358 torsit.

128 383 231 435 Verum
249 380 296 434 ubi
314 381 388 435 nulla
406 381 488 434 datur
507 380 606 434 dextra
625 381 764 434 adfectare
782 383 910 448 potestas,
944 395 980 435 oro

128 461 185 512 Nec
203 458 275 526 potis
295 459 387 512 Ionios
406 457 505 510 fluctus
524 473 642 525 aequare
662 457 807 524 sequendo,
957 456 960 461 ’

128 537 280 589 Clamorem
299 535 450 586 inmensum
470 532 552 597 tollit,
572 550 625 600 quo
644 538 742 602 pontus
761 537 790 586 et
807 549 901 586 omncs

128 613 324 666 Contremuere
342 608 440 677 undae,
459 610 625 679 penitusque
644 609 778 662 exterrita
795 609 878 663 tellus

129 689 232 754 Italiae,
251 687 396 754 curvisque
414 685 542 754 inmugiit
562 687 653 739 Aetna
671 687 799 739 cavernis.

76 772 81 780 ’
130 767 169 818 At
186 781 272 832 genus
292 780 307 818 e
326 763 399 816 silvis
420 762 565 832 Cyclopum
584 766 613 817 et
631 762 769 816 montibus
786 762 849 817 altis
946 774 982 815 aa

129 842 254 894 Excitum
274 839 330 893 ruit
349 840 385 893 ad
403 845 499 910 portus
519 845 547 894 et
565 841 645 894 litora
663 839 798 908 conplent.

129 919 270 971 Cernimus
289 917 424 970 adstantis
444 918 609 986 nequiquam
629 916 730 970 lumine
748 920 827 970 torvo

129 997 267 1048 Aetnaeos
287 994 394 1060 fratres,
414 994 487 1047 caelo
506 993 596 1062 capita
614 993 669 1046 alta
686 994 806 1060 ferentis,

129 1071 277 1124 Concilium
296 1071 474 1125 horrendum:
494 1070 588 1138 quales
607 1087 666 1123 eum
686 1071 789 1124 vertice
807 1070 879 1124 celso

129 1148 229 1200 Aeriae
248 1163 371 1213 quercus,
391 1151 440 1199 aut
459 1147 593 1200 coniferae
612 1147 741 1213 cyparissi
947 1161 982 1197 eso

129 1223 323 1286 Constiterant,
343 1222 410 1275 silva
429 1222 485 1274 alta
507 1223 587 1289 Iovis,
606 1222 715 1273 lucusve
734 1221 844 1273 Dianae.

129 1298 288 1366 Praecipitis
307 1300 397 1350 metus
416 1314 477 1350 acer
498 1298 555 1365 agit
574 1314 745 1366 quocumque
763 1295 889 1349 rudentis

132 1375 272 1441 Excutere,
292 1377 320 1426 et
338 1374 427 1426 ventis
445 1373 590 1426 intendere
610 1373 670 1426 vela
688 1372 820 1426 secundis.

129 1450 230 1503 Contra
244 1451 318 1503 iussa
333 1453 444 1502 monent
463 1449 569 1516 Heleni,
588 1449 703 1518 Scyllam
719 1453 801 1516 atque
817 1447 982 1517 Charybdim

130 1526 208 1580 later
225 1529 371 1595 utramque
390 1526 461 1579 viam
480 1526 529 1580 leti
548 1525 704 1580 discrimine
721 1541 805 1594 parvo
946 1539 982 1578 aas

129 1601 165 1656 Ni
183 1606 296 1656 teneant
315 1620 426 1670 eursus;
446 1607 551 1657 certum
572 1606 615 1656 est
633 1603 700 1657 dare
718 1603 801 1656 lintea
819 1607 901 1658 retro.

130 1679 199 1732 Ecce
217 1684 309 1733 autem
329 1680 433 1733 Boreas
452 1684 568 1748 angusta
586 1680 620 1732 ab
639 1679 705 1733 sede
724 1680 813 1733 Pelori

129 1755 229 1808 Missus
248 1756 334 1810 adest.
373 1757 443 1808 Vivo
462 1756 658 1824 praetervehor
677 1757 747 1809 ostia
765 1773 831 1810 saxo

130 1831 279 1899 Pantagiae
300 1833 482 1900 Megarosque
502 1833 576 1884 sinus
595 1831 787 1900 Thapsumque
804 1833 944 1886 iacentem,

130 1905 203 1960 Talia
222 1909 393 1960 monstrabat
414 1909 538 1975 relegens
558 1912 650 1961 errata
667 1912 802 1962 retrorsus
948 1923 984 1961 eso

130 1982 225 2045 Litora
244 1983 454 2050 Achemenides,
474 2000 564 2037 comes
582 1983 696 2038 infelicis
714 1984 794 2037 Ulixi.

165 2059 270 2113 Sicanio
288 2063 432 2128 praetenta
454 2061 514 2113 sinu
531 2061 601 2114 iacet
619 2061 707 2114 insula
724 2063 820 2114 contra

131 2135 296 2205 Plemyrium
314 2137 466 2202 undosum3
485 2153 583 2190 nomen
604 2137 698 2192 dixere
716 2138 820 2206 priores

131 2212 279 2280 Ortygiam.
318 2213 456 2281 Alpheum
475 2214 547 2266 fama
567 2218 609 2268 est
627 2215 680 2268 hue
698 2214 784 2267 Elidis
802 2231 909 2268 amnem

131 2286 258 2342 Occultas
276 2291 364 2356 egisse
384 2291 440 2342 vias
460 2290 555 2343 subter
576 2308 665 2355 mare;
683 2291 730 2359 qui
748 2307 820 2342 nunc
954 2309 988 2350 eea

131 2363 193 2429 Ore,
215 2366 359 2428 Arethusa,
380 2371 428 2419 tuo
449 2367 547 2419 Siculis
566 2367 740 2419 confunditur
757 2366 845 2418 undis.

134 2439 201 2491 lussi
220 2440 329 2492 numina
347 2458 447 2508 magna
467 2442 516 2493 loci
537 2459 712 2506 veneramur;
730 2446 758 2494 et
776 2441 841 2494 inde

133 2515 273 2583 Exsupero
291 2519 460 2585 praepingue
481 2518 567 2570 solum
588 2513 739 2584 stagnantis
760 2517 861 2570 llelori.

134 2591 204 2644 llinc
221 2591 292 2644 altas
310 2597 404 2646 cautes
426 2594 603 2661 proiectaque
623 2589 691 2646 ‘sana
711 2593 828 2661 Pachyni

134 2666 272 2735 ltadimus,
291 2675 320 2722 et
339 2669 402 2721 latis
423 2683 571 2738 numquam
592 2685 717 2722 concessa
736 2670 839 2722 moveri
954 2681 989 2722 700

134 2743 259 2812 Adparet
279 2745 422 2798 Camarina
443 2746 535 2814 procul
557 2747 699 2815 campique
718 2746 802 2813 Geloi,

135 2819 309 2890 lnmanisque
330 2822 398 2876 Gela
417 2822 490 2875 fluvii
511 2822 670 2890 cognomine
689 2821 771 2875 dieta.

136 2895 245 2950 Arduus
264 2897 328 2951 inde
348 2899 471 2966 Acragas
491 2902 613 2952 ostentat
633 2915 761 2952 maxuma
779 2899 858 2965 longe

134 2971 249 3040 Moenia,
268 2974 469 3042 magnanimum
489 2975 626 3044 quondam
646 2979 792 3042 generator
810 2989 956 3042 equorum

134 3049 225 3118 Teque
243 3050 316 3106 datis
334 3051 426 3119 linquo
445 3052 541 3118 ventis,
560 3051 680 3119 palmosa
700 3050 815 3116 Selinus,
954 3061 989 3102 705

135 3126 171 3178 ltt
189 3126 259 3180 vada
277 3127 347 3181 dura
365 3127 426 3196 lego
445 3128 517 3181 saxis
537 3127 657 3196 Lilybeia
674 3125 769 3180 caecis.

138 3201 208 3256 llinc
227 3203 347 3271 Drepani
365 3221 409 3258 me
427 3207 523 3272 portus
541 3207 570 3257 et
587 3201 750 3258 inlaetabilis
768 3217 816 3254 ora
