2266 3562
397 148 599 198 Gaonelcon
618 149 688 199 LIB.
709 149 762 199 111.
978 153 1007 198 61

157 235 183 288 N
185 253 219 288 on
237 251 315 288 secus
331 249 364 286 ac
381 231 478 302 patriis
496 244 559 286 acer
577 231 717 286 Romanus
735 233 764 286 iu
783 233 866 287 armis

157 313 265 365 iniuste
283 309 335 364 suh
352 309 426 364 fasee
445 313 516 362 viam
534 326 595 362 cum
614 310 710 378 carpit,
730 314 760 364 et
776 310 849 364 hosti
920 351 924 357 .

64 395 66 399 '
157 389 232 442 Ante
250 389 439 455 exspectatum
458 386 555 454 positis
573 390 630 440 stat
647 387 676 440 in
693 388 801 456 agmine
819 389 922 442 eastris.

193 467 233 519 st
249 481 312 530 neu,
330 479 385 532 qus
403 463 528 530 Scythiae
546 467 643 531 gentes
662 464 837 534 Maeotiaque
854 464 936 532 unda,

156 540 292 595 Turbidus
312 542 491 608 attorquens
511 538 636 593 flaventis
656 540 754 596 Hister
771 558 875 609 arenas,
974 555 1010 596 sto

139 615 271 687 'Quaque
289 617 363 670 redit
382 617 502 670 medium
523 617 656 687 Rhodope
674 623 800 688 porrecta
818 619 869 672 sub
886 635 974 673 axem.

159 696 218 749 lllie
235 695 327 748 clausa
344 698 441 748 tenent
459 694 574 748 stabulis
593 700 722 762 armenta,
741 713 791 751 nee
809 697 880 750 ullae

159 775 216 826 Aut
233 770 335 825 herbae
353 789 448 840 eampo
467 771 601 839 adparent
619 777 667 826 aut
684 774 782 828 arbore
799 774 918 842 frondes,

157 849 212 902 Sed
229 848 300 902 iacet
318 848 465 916 aggeribus
483 849 569 902 niveis
587 850 711 904 informis
729 855 759 904 et
776 851 832 904 alto

72 955 75 962 ·
157 925 241 978 Terra
258 925 321 992 gelu
339 923 403 991 late,
422 930 583 996 septemque
602 927 726 995 adsurgit
744 929 771 980 in
789 928 875 980 ulnas.
974 940 1010 979 sss

157 1003 271 1070 Semper
288 1003 401 1070 hiemps,
421 1019 530 1070 semper
548 1003 684 1071 spirantes
701 1004 803 1071 frigora
820 1003 902 1057 cauri,

156 1079 225 1132 Turn
244 1079 283 1132 sol
302 1079 428 1148 pallentis
446 1079 520 1132 haud
537 1095 667 1148 umquam
685 1079 800 1133 discutit
816 1079 933 1147 umbras,
1012 1121 1014 1126 .

157 1155 181 1208 N
185 1172 216 1208 ec
234 1173 295 1210 cum
312 1157 436 1210 invectus
455 1157 533 1225 equis
550 1156 636 1210 altmn
655 1157 725 1225 petit
743 1156 861 1224 aethera,
880 1165 930 1210 nee
947 1153 1010 1209 cunr

159 1232 339 1301 Praecipitem
359 1233 459 1286 Oceani
478 1234 560 1286 rubro
579 1233 646 1286 lavit
663 1249 781 1302 aequore
799 1249 916 1287 currum.

157 1309 341 1364 Concrescunt
358 1311 466 1364 subitae
485 1311 606 1365 currenti
624 1311 653 1364 in
672 1312 782 1366 flumine
800 1316 916 1379 crustae,
975 1325 1011 1365 too

157 1385 293 1454 Undaque
311 1387 365 1440 iam
383 1392 462 1454 tergo
480 1389 597 1441 ferratos
617 1389 735 1443 sustinet
753 1390 835 1457 orbis,

158 1462 298 1532 Puppibus
316 1463 364 1517 illa
380 1464 462 1532 prius,
481 1464 582 1532 patulis
599 1482 670 1520 nunc
687 1466 797 1536 hospita
813 1467 958 1536 plaustris;

158 1542 286 1610 Aeraque
304 1540 442 1594 dissiliunt
459 1540 545 1608 volgo,
564 1545 710 1610 vestesque
729 1545 867 1611 rigescunt

158 1617 284 1684 indutas
303 1617 477 1685 caeduntque
496 1618 634 1672 securibus
653 1619 765 1673 humida
783 1621 853 1686 vina,

157 1695 193 1747 Et
211 1697 287 1748 totae
305 1694 420 1748 solidam
438 1694 466 1746 in
484 1694 599 1762 glaciem
618 1699 727 1750 vertere
746 1697 859 1750 lacunae
975 1710 1012 1749 ees

157 1766 293 1841 Stiriaque
310 1770 417 1840 inpexis
434 1770 557 1824 induruit
575 1772 686 1826 horrida
703 1772 802 1826 barbis.

158 1847 270 1902 Interea
287 1851 346 1902 toto
364 1863 418 1900 non
437 1848 522 1901 setius
541 1865 604 1903 aere
623 1850 743 1918 ninguit':

158 1925 304 1980 Intereunt
321 1925 447 1996 pecudes,
467 1929 542 1978 stant
561 1927 723 1981 circumfusa
741 1928 846 1996 pruinis

158 2003 276 2076 Corpora
294 2020 392 2071 magna
409 2003 499 2070 boum,
516 2004 692 2074 confertoque
710 2005 816 2074 agmine
833 2004 908 2058 cervi

157 2081 277 2149 Torpent
289 2081 360 2134 niele
371 2096 440 2133 nova
452 2084 481 2134 et
494 2081 607 2134 summis
620 2083 664 2134 vix
677 2082 803 2136 cornibus
815 2084 932 2136 exstant.
975 2095 1012 2134 sto

158 2157 218 2210 Hos
236 2175 289 2210 non
307 2157 425 2212 inmissis
443 2157 561 2224 canibus,
580 2175 633 2213 nou
651 2159 772 2212 cassibus
790 2159 854 2213 ullis

159 2233 325 2287 Puniceaere
343 2235 450 2302 agitant
467 2235 579 2303 pavidos
598 2236 742 2289 formidine
760 2251 872 2304 pennae,

158 2310 213 2364 Sed
229 2311 333 2386 frustra
350 2312 505 2380 oppositum
524 2313 664 2366 trudentis
683 2317 795 2382 pectore
814 2315 935 2366 montem

158 2387 314 2442 Comminus
332 2389 497 2443 obtruncant
514 2391 594 2460 ferro,
613 2391 791 2460 graviterque
808 2389 935 2444 rudentis

159 2465 291 2535 Caedunt,
309 2471 337 2520 et
355 2484 454 2536 magne
471 2468 537 2523 laeti
557 2469 674 2525 elamore
693 2471 842 2538 reportant.
978 2479 1014 2520 sis

160 2543 217 2611 Ipsi
235 2544 263 2598 in
281 2544 397 2598 defossis
415 2547 549 2615 specubus
570 2563 665 2601 secura
683 2546 733 2598 sub
752 2545 808 2600 alta

160 2621 223 2674 Otia
241 2625 325 2690 agunt
343 2627 425 2691 terra,
444 2629 631 2696 congestaque
650 2624 750 2678 robora
769 2626 897 2692 totasque

160 2699 315 2754 Advolvere
332 2701 398 2754 focis
416 2703 503 2756 ulmos
522 2703 635 2772 ignique
654 2701 763 2755 dedere.

161 2775 214 2828 Hie
232 2781 339 2831 noctem
357 2779 422 2832 ludo
441 2781 552 2849 ducunt,
572 2785 601 2834 et
621 2778 720 2850 poeula
737 2777 803 2831 laeti

161 2852 307 2908 Fermento
326 2860 409 2926 atque
428 2859 512 2912 acidis
531 2860 675 2912 imitantur
692 2855 764 2908 vitea
782 2851 879 2908 sorbis.
980 2865 1017 2904 aso

161 2929 233 2984 Talis
253 2932 432 3002 Hyperboreo
451 2937 562 3005 Septem
583 2936 707 2990 subiecta
725 2931 806 2986 trioni

161 3006 236 3060 Gens
253 3009 355 3063 effrena
373 3011 460 3064 virum
480 3014 603 3083 Rhipaeo
621 3012 749 3066 tunditur
767 3009 847 3072 Euro,

162 3082 198 3136 st
215 3086 351 3156 pecudum
369 3088 451 3142 fulvis
469 3091 576 3143 velatur
594 3107 707 3158 corpora
726 3086 817 3142 saetis.

197 3161 225 3214 Si
244 3162 296 3215 tibi
313 3163 438 3218 lanitium
457 3183 545 3229 curae,
564 3167 682 3234 primum
701 3179 798 3234 aspera
816 3161 892 3226 silva,

162 3235 329 3310 Lappaeque
347 3240 502 3311 tribulique,
520 3241 627 3306 absint;
642 3241 707 3310 fuge
725 3237 826 3310 pabula
842 3237 931 3298 laeta;
983 3243 1019 3282 ³⁸⁵
