2266 3562
405 169 592 221 BUCOLICA.
622 170 698 218 ECL.
717 169 770 218 III.

159 249 225 318 Neo,
244 250 266 303 si
286 249 444 304 muneribus
463 253 559 319 certes,
578 251 710 305 concedat
730 251 820 305 Iollas.

160 326 231 393 Heu,
251 327 311 393 heu,
331 327 398 394 quid
416 327 488 380 volui
507 328 608 381 misero
627 327 708 382 mihi!
729 327 841 380 floribus
859 329 983 382 austrum

159 401 289 456 Perditus
308 406 337 456 et
356 402 468 471 liquidis
486 403 576 457 inmisi
596 403 717 457 fontibus
736 419 822 472 apros.

158 479 244 544 Quem
263 479 343 547 fugis,
363 479 405 547 ah,
424 478 556 534 demensi
575 479 736 533 habitarunt
754 480 783 532 di
802 497 911 548 quoque
930 481 1012 535 silvas

159 555 369 625 Dardaniusque
390 556 473 610 Paris.
513 556 610 624 Pallas,
629 573 697 626 quas
716 556 840 610 condidit
858 573 941 624 arces,
994 573 1017 612 er

159 633 224 700 Ipsa
241 634 331 698 colat;
351 632 429 686 uobis
446 633 575 700 placeant
592 637 656 686 ante
675 635 765 687 omnia
783 634 873 688 silvae.

158 710 246 764 Torva
263 711 358 764 leaena
375 709 470 778 lupum
489 712 631 778 sequitur;
648 711 729 778 lupus
746 712 805 780 ipse
821 711 971 780 eapcllam;
1062 741 1064 746 ,

158 787 317 841 florentem
335 787 451 856 cytisum
471 787 595 856 sequitur
614 787 714 840 lasciva
732 787 850 856 capella;

157 864 195 919 Te
209 864 342 932 Corydon,
356 881 372 916 o
387 864 482 916 Alexi:
496 864 582 917 trahit
592 882 641 918 sua
654 882 791 934 quomque
805 865 940 932 volupiae.
992 878 1017 918 as

158 941 267 1010 Aspice,
286 944 378 994 aratra
396 941 460 1008 iugo
479 942 604 994 referunt
623 958 753 1009 suspensa
770 941 884 1006 iuvenci,

158 1019 195 1071 Et
213 1019 252 1072 sol
272 1017 419 1072 crescentis
439 1016 574 1070 decedens
594 1017 715 1086 duplicat
733 1017 861 1071 umbras:

158 1095 204 1148 Me
222 1099 315 1150 tamen
333 1095 389 1148 urit
408 1113 500 1161 amor3
518 1095 580 1164 quis
598 1095 670 1148 enim
688 1095 785 1149 modus
803 1095 876 1149 adsit
893 1095 999 1149 amorii

159 1173 212 1236 Ah,
232 1172 367 1240 Corydon,
388 1172 520 1240 Corydon,
539 1189 610 1241 quae
629 1175 657 1225 te
675 1172 815 1225 dementia
833 1171 922 1239 oepit!

158 1249 331 1317 Semiputata
350 1248 400 1302 tibi
420 1249 548 1302 frondosa
566 1250 631 1304 vitis
648 1249 676 1302 in
694 1249 767 1300 ulmo
786 1252 835 1302 est.
992 1262 1015 1301 rs

158 1325 229 1388 Quin
248 1329 280 1378 tu
298 1325 402 1392 aliquid
421 1325 519 1379 saltem
537 1326 636 1394 potius,
655 1342 770 1393 quorum
788 1324 896 1392 indiget
914 1341 986 1391 usus,

159 1401 314 1454 viminibus
333 1401 461 1469 mollique
479 1418 560 1469 paras
579 1401 710 1454 detexere
727 1401 823 1454 iuueol

159 1475 286 1531 Invenies
303 1477 394 1545 alium,
412 1477 435 1530 si
454 1480 483 1530 te
501 1477 545 1531 hic
563 1477 678 1544 fastidit,
698 1477 815 1530 Alexim.

442 1688 632 1747 ECLOGA
661 1689 722 1746 ΙΙΙ.

480 1806 692 1856 PALAEMON.

325 1930 479 1970 MENALCAS.
505 1928 660 1968 Damouras
685 1928 844 1968 Panauuou.

155 2024 198 2079 M.
217 2026 270 2080 Die
288 2026 362 2093 mihi,
382 2025 523 2092 Damoeta,
542 2025 630 2078 cuium
651 2026 752 2093 pocus?
770 2042 804 2076 an
824 2025 971 2079 Meliboei?

152 2101 190 2154 D.
210 2101 280 2170 Non,
298 2119 393 2155 verum
414 2102 554 2172 Aegonis3
571 2118 659 2168 nuper
677 2100 743 2152 mihi
761 2101 879 2154 tradidit
899 2103 1004 2168 Aegon.

151 2177 193 2230 M.
214 2178 312 2232 Infelix
331 2196 347 2231 o
366 2195 481 2247 semper,
500 2179 565 2243 ovis,
584 2176 681 2244 pecus!
701 2177 760 2244 ipse
779 2176 914 2229 Neaeram

152 2254 223 2306 Dum
242 2255 324 2320 fovet,
342 2272 381 2323 ac,
400 2271 434 2308 ue
452 2272 496 2307 me
515 2254 567 2307 sibi
585 2254 724 2322 praeferat
742 2253 795 2318 illa,
812 2257 930 2321 veretur,

151 2331 205 2384 Hic
223 2331 328 2384 alienus
347 2332 403 2384 ovis
422 2335 513 2384 eustos
532 2331 574 2384 bis
593 2330 698 2397 mulget
716 2329 743 2381 in
763 2329 836 2398 hora,
1000 2341 1012 2380 ὁ
1122 2369 1123 2372 ¹

151 2407 186 2460 ut
205 2425 284 2461 sucus
302 2409 394 2476 pecori
414 2412 443 2462 et
461 2409 503 2461 lac
522 2407 685 2461 subducitur
703 2407 786 2474 agnis.

151 2485 186 2539 D.
206 2485 317 2558 Parcius
336 2485 390 2538 ista
407 2485 472 2538 viris
490 2489 582 2538 tamen
603 2482 755 2537 obiicienda
773 2487 917 2544 memento.

152 2561 289 2630 Novimus,
308 2563 402 2630 etqui
421 2565 458 2629 te,
478 2566 633 2615 transversa
653 2559 796 2614 tuentibus
815 2559 903 2627 hircio,

152 2638 187 2692 aa
203 2638 343 2708 quo-sed
361 2639 453 2692 faciles
473 2638 616 2706 Nymphae
636 2637 864 2692 risere-sacello.

153 2715 190 2768 M.
211 2716 287 2783 Tum,
306 2715 396 2779 credo,
414 2733 475 2768 curn
494 2733 538 2768 me
557 2715 699 2768 arbustum
718 2715 811 2768 videre
830 2711 945 2764 Miconis
988 2726 1011 2762 ro

41 2829 43 2834 -
151 2793 245 2860 Atque
264 2793 335 2845 mala
353 2792 417 2845 vitis
435 2792 556 2845 incidere
575 2791 645 2844 falce
665 2792 791 2846 novellas.

151 2869 187 2922 D.
207 2872 266 2922 Aut
283 2868 327 2921 hic
346 2869 382 2922 ad
399 2868 501 2922 veteris
520 2869 596 2936 fagos
614 2887 675 2922 oum
695 2867 849 2936 Daphnidis
867 2879 958 2918 arcum

151 2945 271 3014 fregisti
290 2950 318 3000 et
337 2947 470 3000 calamos:
491 2957 561 3014 quae
580 2948 618 3013 tu,
636 2961 765 3014 perverse
786 2941 916 3007 Menalca,

151 3019 195 3091 aa,
212 3041 274 3077 cum
292 3023 386 3077 vidisti
405 3039 490 3090 puero
510 3023 619 3089 donata,
638 3021 758 3087 dolebas,

151 3101 198 3164 m,
217 3101 240 3154 si
259 3118 312 3153 non
331 3101 422 3168 aliqua
440 3099 584 3165 nocuisses,
603 3101 727 3150 mortuus
746 3113 826 3150 esses.
987 3107 1010 3146 15

152 3177 192 3230 M.
213 3175 285 3242 Quid
304 3176 406 3228 domini
425 3175 533 3241 faciant,
553 3174 655 3227 audent
674 3189 733 3226 cum
752 3172 819 3224 talia
836 3171 925 3223 fures!

152 3253 177 3307 N
180 3269 214 3306 on
232 3269 284 3320 ego
301 3255 330 3306 te
349 3251 404 3304 vidi
425 3249 704 3318 Damonis-pessime,
722 3264 834 3315 caprum
