2290 3568
127 165 172 210 190
358 165 387 212 P.
406 165 560 213 VERGILI
577 165 744 215 MARONIS

161 241 243 295 Ibant
261 241 368 295 obscuri
386 243 444 296 sola
461 244 512 310 sub
531 248 611 298 nocte
629 262 679 314 per
697 244 830 315 umbram,

126 316 233 386 Perque
252 318 346 372 domos
366 318 437 373 Ditis
455 337 553 374 vacuas
571 325 600 374 et
617 321 708 374 inania
725 339 824 390 regna:

126 394 210 458 Quale
228 412 278 463 per
294 395 426 449 incertam
443 396 535 449 lunam
554 397 605 450 sub
623 398 682 451 luce
700 397 819 466 maligna
942 416 978 456 220

125 470 175 525 Est
192 471 247 525 iter
264 472 291 524 in
310 472 392 539 silvis,
410 471 458 525 ubi
474 472 581 528 caelum
599 473 723 527 condidit
741 474 839 528 umbra

125 546 257 616 Iuppiter,
275 551 304 601 et
322 547 405 601 rebus
422 565 477 602 nox
494 549 609 604 abstulit
627 554 688 605 atra
706 551 831 604 colorem.

124 623 297 677 Vestibulum
315 628 380 678 ante
398 625 487 693 ipsum
505 627 653 695 primisque
671 627 699 680 in
717 626 840 680 faucibus
859 626 923 681 Orci

123 699 226 753 Luctus
245 704 274 754 et
292 700 403 754 ultrices
421 718 536 769 posuere
554 703 653 757 cubilia
673 703 776 768 Curae;

124 776 315 845 Pallentesque
332 776 458 831 habitant
477 779 577 844 Morbi,
595 780 738 848 tristisque
758 780 899 848 Senectus,
939 796 975 836 222

124 851 158 905 m
178 853 277 918 hletae,
297 857 326 906 et
344 854 501 908 malesuada
520 855 626 924 Fames,
643 873 675 909 ac
692 856 781 924 turpis
799 855 923 925 Egestas,

122 927 268 982 Terribiles
286 930 346 983 visu
363 931 475 998 formae,
493 931 654 1001 Letumque,
674 931 833 1001 Labosque3

122 1003 190 1059 Tum
208 1007 422 1074 consanguineus
441 1007 503 1062 Leti
522 1007 615 1075 Sopor,
634 1012 663 1063 et
680 1007 752 1062 mala
769 1009 870 1064 mentis

122 1081 236 1150 Gaudia,
255 1082 480 1151 mortiferumque
498 1084 614 1137 adverso
631 1085 659 1138 in
676 1084 769 1138 limine
788 1085 903 1155 Bellum,

123 1157 270 1226 reaeique
283 1159 463 1212 Eumenidum
475 1160 595 1227 thalami,
608 1163 637 1214 et
649 1161 792 1215 Discordia
804 1163 924 1232 demens,
936 1176 973 1220 200

123 1234 270 1302 Vipercum
289 1234 390 1288 crinem
409 1235 486 1288 vittis
503 1237 603 1289 innexa
620 1239 748 1292 cruentis.

157 1311 189 1363 In
208 1310 298 1364 medio
316 1327 405 1364 ramos
424 1328 581 1380 annosaque
599 1312 725 1368 bracchia
743 1313 840 1384 pandit

121 1386 218 1440 Ulmus
236 1403 326 1455 opaca,
344 1387 447 1454 ingens,
467 1405 547 1456 quam
567 1389 660 1442 sedem
681 1390 790 1444 Somnia
807 1391 886 1461 volgo

121 1462 199 1516 Vana
216 1467 312 1516 tenere
329 1462 429 1528 ferunt,
448 1463 574 1533 foliisque
594 1465 645 1518 sub
663 1467 788 1520 omnibus
806 1468 925 1523 haerent.

120 1539 262 1608 Multaque
280 1543 423 1608 praeterea
440 1541 576 1595 variarum
594 1548 716 1597 monstra
734 1544 854 1598 soranam
935 1557 971 1598 205

121 1616 249 1671 Centauri
267 1617 294 1670 iu
312 1616 414 1676 foribus
432 1617 572 1672 stabulant
592 1619 751 1688 Scyllaeque
769 1621 899 1676 biformes

121 1693 157 1747 Et
174 1694 407 1762 centumgeminus
426 1693 554 1748 Briareus
572 1712 603 1748 ac
621 1694 701 1749 belua
720 1697 832 1764 hernae,

121 1770 296 1824 Horrendum
315 1771 442 1836 stridens,
461 1770 629 1838 flammisque
647 1776 752 1824 armata
771 1772 920 1841 Chimaera,

120 1847 260 1914 Gorgones
280 1847 472 1916 Harpyiaeque
491 1850 521 1899 et
538 1846 626 1898 forma
643 1847 800 1914 tricorporis
818 1849 939 1902 umbrae.

120 1923 239 1991 Corripit
257 1923 300 1976 hic
318 1923 408 1976 subita
426 1921 551 1988 trepidus
569 1921 713 1974 formidine
731 1921 834 1974 sermm
934 1939 970 1976 200

120 2000 236 2065 Aeneae,
254 1999 432 2065 strictamque
450 1997 533 2049 aciem
552 1997 724 2049 venientibus
742 1996 829 2063 offert,

120 2075 163 2139 Et,
181 2076 209 2128 ni
227 2075 308 2128 docta
324 2089 415 2127 comes
434 2072 523 2124 tenuis
542 2071 599 2124 sine
618 2088 731 2140 corpore
748 2072 818 2126 ritas

121 2151 277 2208 Admoneat
295 2150 408 2203 voHtare
425 2164 490 2200 cova
508 2147 559 2200 sub
577 2147 694 2215 imagine
711 2149 823 2216 formae,

120 2227 223 2292 luruat,
242 2231 271 2280 et
289 2227 389 2279 frustra
406 2223 479 2277 ferro
497 2223 653 2277 diverberet
670 2224 788 2279 umbras.

155 2304 226 2356 lline
239 2303 289 2367 ria,
303 2300 426 2356 Tartarei
439 2316 510 2368 quac
521 2299 578 2353 fert
591 2300 754 2356 Acherontis
766 2302 802 2355 ad
814 2303 908 2356 undas.
935 2316 970 2356 202

119 2378 256 2432 Turbidus
273 2378 318 2431 hic
336 2393 418 2431 caeno
437 2380 569 2444 vastaque
587 2377 714 2445 voragine
731 2395 832 2446 gurges

120 2458 239 2508 Aestuat
256 2458 339 2521 atquo
357 2468 464 2506 omnem
484 2453 585 2520 Cocyto
603 2458 710 2508 eructat
728 2471 846 2508 arenam.

121 2531 242 2584 Portitor
258 2529 308 2582 has
325 2528 476 2582 horrendus
495 2545 580 2597 aquas
598 2533 627 2583 et
645 2529 755 2584 flumina
774 2534 866 2584 servat

120 2606 245 2661 Terribili
263 2605 388 2673 squalore
405 2604 520 2672 Charon,
538 2605 581 2658 eui
598 2605 716 2674 plurima
732 2611 825 2660 mento

120 2683 241 2737 Canities
259 2682 360 2736 inculta
376 2682 455 2746 iacet,
474 2685 548 2735 stant
565 2682 667 2736 lumina
684 2682 798 2746 flamma,
935 2697 971 2735 aee

120 2759 252 2814 Sordidus
270 2775 303 2812 02
322 2758 444 2812 humeris
461 2759 533 2812 nodo
551 2757 690 2828 dependet
707 2760 829 2813 amictus.

121 2836 184 2904 lpse
201 2840 289 2889 ratem
307 2839 387 2890 conto
405 2834 511 2904 subigit,
529 2835 651 2904 velisque
669 2835 815 2905 ministrat,

120 2912 157 2966 ut
174 2912 329 2980 ferruginea
345 2911 488 2966 subvectat
506 2928 620 2980 corpora
637 2911 741 2981 cymba,

121 2989 180 3043 lam
198 2989 297 3056 senior,
316 2987 366 3042 sed
384 2987 468 3041 cruda
487 2989 538 3042 deo
556 2987 706 3057 viridisque
725 2992 859 3042 senectus.

120 3067 183 3122 Huc
201 3066 288 3120 omnis
304 3065 388 3120 turba
405 3064 441 3118 ad
458 3066 533 3134 ripas
551 3065 636 3119 effusa
653 3064 759 3132 ruebat,
937 3080 972 3117 sos

120 3142 226 3210 Matres
243 3147 328 3213 atque
345 3141 404 3206 riri,
424 3141 608 3210 defunctaque
626 3158 741 3209 corpora
759 3141 814 3195 rita

177 3221 323 3274 *monimum
342 3219 463 3282 heroum,
481 3220 559 3288 pueri
577 3219 761 3288 innuptaeque
779 3215 895 3286 puellae.
