2290 3568
134 163 180 210 180
271 165 274 170 '
366 157 394 204 P.
416 157 568 204 VERGILI
587 159 754 207 MARONIS

135 239 301 308 Insequitur.
338 238 440 291 Causas
458 238 529 291 tanti
548 239 615 292 sciat
633 239 680 292 illa
697 239 803 295 furoris.

137 319 200 387 lpse
219 315 285 368 mihi
304 331 390 383 nuper
410 315 517 382 Libyeis
535 318 568 368 tu
586 317 666 369 testis
684 317 712 368 in
729 318 811 371 undis

137 397 223 460 Quam
242 393 340 446 molem
360 391 450 444 subito
471 393 597 445 excierit:
616 394 704 446 maria
720 395 809 448 omnia
828 397 904 451 caelo
956 413 995 453 rao

136 473 254 540 Miscuit,
275 470 380 522 Aeoliis
397 470 565 537 nequiquam
582 471 654 521 freta
671 471 804 538 procellis,

138 551 171 603 ln
188 549 281 616 regnis
297 546 346 600 hoc
365 563 432 598 ausa
449 547 511 599 tuis

72 645 76 655 ¹
139 627 191 681 Per
209 625 297 679 seclus
314 641 376 678 eece
394 624 478 676 etiam
497 625 620 677 Troianis
632 626 772 679 matribus
790 627 862 680 actis

138 704 248 757 llxussit
266 702 346 755 ioede
366 702 472 772 puppis,
492 707 520 754 et
538 702 623 755 classe
641 702 750 770 subegit

140 782 246 834 Amissa
264 781 349 834 socios
368 781 477 848 ignotae
494 780 619 847 linquere
637 783 736 833 terrae.
958 793 997 833 aaa

138 858 216 921 Quod
235 863 369 929 superest,
388 876 443 926 oro,
463 857 545 910 liceat
563 856 631 910 dare
647 859 708 909 tuta
725 874 776 924 per
793 857 882 912 undae

139 935 208 988 Vela
224 936 284 1003 tibi,
303 936 383 989 liceat
403 936 569 990 Laurentem
588 936 725 1002 attingere
744 934 881 1003 Thybrim,

138 1013 166 1065 Si
184 1030 314 1068 concessa
329 1018 402 1082 peto,
423 1015 445 1067 si
464 1014 531 1066 dant
549 1031 583 1066 ea
599 1013 705 1064 moenia
727 1011 836 1065 Pareae.

138 1090 205 1142 Tum
226 1092 371 1144 Saturnius
387 1092 454 1144 hace
474 1091 593 1143 domitor
611 1089 695 1141 maris
711 1088 800 1142 edidit
817 1089 880 1142 alti:

140 1166 191 1218 llas
209 1184 291 1220 omne
308 1172 358 1234 est,
378 1169 521 1236 Cytherea,
540 1168 609 1220 meis
628 1170 657 1220 te
675 1165 761 1218 fidere
779 1165 878 1232 regnis,
958 1179 997 1217 sco

139 1243 221 1296 Unde
238 1262 325 1312 genus
343 1245 426 1297 dueis.
464 1245 553 1296 Merui
572 1261 695 1312 quoque;
716 1259 799 1311 saepo
814 1242 922 1294 furores

139 1320 293 1387 Compressi
312 1325 340 1373 ct
359 1321 462 1376 rabiem
482 1323 587 1372 tantam
608 1321 730 1388 caelique
748 1321 892 1388 oransque.

140 1395 164 1447 N
167 1413 197 1447 ee
215 1398 305 1449 minor
320 1398 348 1448 in
366 1397 456 1462 teriia
477 1397 618 1449 Xanthum
640 1395 835 1464 Simoentaque
853 1397 949 1457 testor,

140 1472 251 1525 Aeneae
268 1473 334 1526 mihi
353 1489 417 1526 eura
435 1474 485 1528 tui.
522 1473 592 1526 Cum
611 1473 690 1525 Troia
710 1473 833 1525 Achilles

140 1549 301 1604 llxanimata
319 1567 435 1619 sequeus
454 1551 609 1619 inpingeret
628 1550 737 1618 agmina
754 1549 847 1615 muris,
960 1561 999 1598 soe

140 1625 218 1679 Milia
233 1627 319 1680 multa
338 1627 419 1681 daret
435 1628 499 1695 leto,
518 1631 717 1695 gemerentque
735 1625 833 1694 repleti

141 1703 251 1770 Amnes,
270 1720 320 1757 nee
338 1705 459 1773 reperire
479 1705 550 1758 viam
568 1709 652 1772 atque
672 1702 795 1756 evolvero
812 1703 909 1770 posset

142 1780 175 1832 ln
193 1797 269 1833 maro
287 1799 318 1834 se
336 1781 469 1850 Xanthus,
490 1782 601 1835 Pelidae
621 1785 686 1834 iuno
705 1796 757 1848 ego
773 1778 838 1831 iorti

142 1858 324 1924 Congressum
344 1861 457 1912 Aenean
475 1875 527 1911 neo
544 1857 586 1909 dis
606 1874 655 1909 nec
674 1856 776 1908 viribus
793 1854 889 1922 aequis

142 1933 222 1986 Nube
239 1951 306 1986 cava
323 1937 410 2004 rapui,
427 1951 555 2002 euperem
574 1950 635 1985 eum
655 1936 765 1984 vertere
782 1930 817 1983 ab
835 1931 891 1982 imo
961 1941 998 1980 rue

142 2010 255 2064 Structo
270 2012 339 2064 meis
356 2010 481 2064 manibus
499 2011 625 2077 periurae
644 2009 751 2061 moenia
770 2006 873 2058 Troiae.

143 2087 167 2138 N
169 2103 221 2140 une
234 2105 341 2156 quoque
355 2106 431 2141 mens
445 2087 540 2140 eadem
553 2089 660 2154 perstat
672 2084 753 2148 mihi3
768 2082 839 2151 pelle
851 2082 986 2134 timorem.

142 2164 238 2232 Tutus,
255 2183 326 2234 quos
343 2170 428 2234 optas,
447 2169 546 2233 portua
562 2163 679 2216 accedet·
694 2159 806 2216 Averni.

145 2239 222 2294 Unus
239 2243 292 2295 erit
310 2246 426 2309 tantum,
446 2242 574 2294 amissum
594 2257 675 2308 quem
694 2237 804 2306 gurgite
823 2249 956 2304 quaeree;

143 2318 235 2371 Unum
253 2335 305 2386 pro
321 2318 416 2371 multis
435 2317 546 2370 dabitur
564 2321 654 2384 eaput
961 2319 1001 2356 ⁸¹⁵

145 2395 197 2447 His
213 2394 262 2446 ubi
280 2394 353 2446 laeta
371 2394 439 2446 deae
457 2393 603 2461 permulsit
619 2396 731 2458 pectora
750 2388 837 2455 dietis,

145 2471 239 2537 lungit
256 2486 342 2537 equos
358 2486 424 2521 auro
444 2469 567 2534 Genitor,
585 2467 795 2534 sprmrantiaque
811 2461 891 2515 addit
991 2462 995 2470 ’

145 2548 235 2600 Frena
251 2546 324 2608 feris,
343 2545 523 2612 manibusque
542 2545 631 2596 enanis
649 2541 763 2595 effundit
780 2539 909 2592 habenas.

145 2623 276 2676 Caeruleo
293 2639 345 2690 per
363 2637 468 2674 summa
485 2620 552 2672 levis
570 2618 644 2672 volat
663 2634 781 2686 aequora
799 2633 895 2678 ourru;

144 2697 295 2752 Subsidunt
312 2697 409 2766 undae,
428 2697 619 2764 tumidumque
638 2695 688 2748 sub
707 2711 758 2747 axe
776 2693 882 2746 tonanti
965 2704 1002 2742 sto

145 2775 284 2832 Sternatur
301 2791 405 2843 aequor
424 2773 508 2843 aquic,
527 2774 637 2840 fugiunt
653 2775 731 2825 vasto
750 2769 862 2824 aethere
880 2766 972 2820 nimbi.

145 2852 214 2904 Tum
232 2853 322 2905 uariae
342 2853 471 2905 comitum
491 2852 581 2918 facien,
602 2851 720 2903 inmania
738 2851 806 2916 cete,

146 2927 183 2981 ut
201 2929 292 2981 senior
310 2929 406 2983 Glauci
423 2929 528 2997 chorus,
547 2929 686 2997 Inousque
706 2926 862 2992 Palaemon,

146 3003 326 3074 Tritonesque
345 3006 400 3073 citi,
420 3005 574 3074 Phorcique
592 3005 730 3058 exereitus
749 3002 852 3066 onmis;

147 3081 237 3135 Laeva
254 3085 332 3136 tenet
351 3083 450 3148 Thetis,
470 3087 498 3136 et
517 3083 621 3150 Melite,
641 3082 823 3150 Panopeaque
840 3077 924 3146 virgo,
967 3087 1003 3125 aa

147 3158 261 3226 Nesaee,
281 3160 407 3230 Spioque,
427 3160 581 3228 Thaliaque,
601 3159 815 3228 Cymodoceque.

183 3235 237 3290 llio
255 3237 344 3307 patris
364 3238 477 3293 Aeneae
495 3253 654 3309 suspensam
672 3234 773 3290 blanda
791 3228 911 3286 vicissim
