2278 3568
420 155 602 204 AENEIDOS
620 155 690 205 LlB.
710 155 762 204 111.
974 155 1020 203 125

199 239 276 307 Inde,
297 238 344 292 ubi
363 237 453 307 prima
470 236 541 290 fides
558 236 664 306 pelago,
683 235 845 306 placataque
864 235 939 290 venti

163 315 236 370 Dant
248 315 334 369 maria
345 318 374 368 et
386 314 455 368 lenis
467 312 605 382 crepitans
617 316 696 367 vocat
708 317 801 366 auster
812 313 841 366 in
853 312 947 380 altum,
997 325 1021 369 ro

164 393 310 446 Deducuut
328 391 392 444 socii
411 391 487 443 navis
506 393 535 443 et
553 390 634 442 litora
652 390 787 458 conplent.

164 468 342 521 Provehimur
360 470 450 536 portu,
469 471 615 534 terraeque
633 465 771 534 urbesque
789 464 928 520 recedunt.

163 545 244 598 Sacra
261 544 329 598 mari
348 542 447 596 colitur
466 542 556 596 medio
574 542 731 609 gratissima
748 541 831 596 tellus

163 620 312 674 Nereidum
332 620 412 672 matri
432 621 460 672 et
479 617 609 686 Neptuno
630 620 748 686 Aegaeo,

163 697 250 762 Quam
268 697 330 766 pius
349 696 514 749 Arcitenens
533 711 594 747 oras
613 697 642 747 et
661 693 740 748 litora
757 696 859 748 circum
997 709 1021 750 7⁶

165 771 308 826 Errantem
328 772 442 840 Mycono
460 788 476 825 e
496 770 568 824 celsa
587 771 732 840 Gyaroque
749 773 876 834 revinxit,

166 848 354 916 Inmotamque
372 848 424 900 coli
442 847 522 901 dedit
541 851 570 900 ct
589 849 762 900 contemnere
782 852 884 901 ventos.

166 924 226 979 Huc
243 925 331 989 ler0r3
350 924 416 976 haee
434 923 519 977 fessos
537 927 599 976 tuto
618 923 801 990 placidissima
819 929 900 991 portu

164 1001 278 1069 Accipit.
317 1000 427 1066 Egressi
446 1015 608 1052 veneramur
627 999 762 1066 Apollinis
780 999 883 1052 urbem.

163 1077 223 1131 Rex
238 1077 332 1142 Anius,
346 1093 395 1128 rex
408 1075 482 1128 idem
495 1075 632 1128 hominum
648 1073 806 1144 Phoebique
819 1075 952 1142 sacerdos,
996 1091 1021 1130 so

167 1152 248 1208 Vittis
266 1157 295 1207 et
313 1169 390 1206 sacra
408 1151 551 1206 redimitus
569 1155 694 1220 tempora
711 1150 795 1220 lauro,

163 1229 302 1294 Occurrit;
321 1232 442 1283 veterem
463 1227 601 1282 Anchisen
619 1227 763 1296 adgnoscit
780 1229 905 1284 amicum.

164 1306 305 1375 Iungimus
323 1307 442 1375 hospitio
461 1305 580 1369 dextras,
600 1308 722 1360 attacta
740 1304 868 1359 subimus.

198 1383 309 1453 Templa
327 1383 372 1437 dci
392 1399 456 1436 saxo
475 1382 625 1437 venerabar
644 1387 750 1436 structa
767 1385 890 1436 vetusto:

163 1459 207 1513 Da
219 1461 365 1530 propriam,
379 1459 556 1527 Thymbraeo,
570 1459 695 1520 domum;
709 1459 745 1512 da
756 1459 863 1513 moenia
874 1457 953 1512 fessis
995 1471 1019 1510 so

163 1536 200 1590 llt
217 1553 303 1604 genus
322 1540 350 1589 et
368 1552 523 1588 mansuram
542 1535 653 1600 urbem;
671 1553 749 1588 serva
767 1535 854 1589 altera
872 1533 968 1588 Troiae

165 1613 305 1680 Pergama,
323 1611 452 1680 reliquias
472 1611 597 1664 Danaum
617 1615 700 1679 atque
720 1611 823 1665 inmitis
842 1610 950 1664 Achilli.

164 1690 251 1754 Quem
269 1687 425 1756 sequimurl
445 1704 533 1756 quove
551 1687 591 1740 ire
609 1687 706 1740 iubesl
724 1687 770 1740 ubi
788 1703 889 1756 ponere
907 1685 1002 1740 sedesi

163 1765 213 1832 lla,
229 1770 317 1835 pater,
336 1765 487 1834 augurium,
507 1767 590 1832 atque
610 1764 707 1816 animis
726 1763 847 1817 inlabere
865 1762 972 1816 nostris.

198 1843 252 1895 Vix
266 1860 299 1896 ea
310 1843 382 1896 fatus
395 1859 483 1896 eram:
501 1845 621 1896 tremere
636 1842 726 1894 omnia
739 1842 796 1894 visa
807 1845 927 1910 repente
996 1853 1021 1892 ao

164 1919 322 1988 liminaque
340 1919 487 1986 laurusque
506 1919 556 1982 dei,
574 1921 706 1986 totusque
724 1919 827 1972 moveri

163 1995 242 2048 Mons
260 1995 368 2056 circum,
387 1997 416 2046 et
434 1995 540 2061 mugire
558 1994 648 2062 adytis
667 1995 772 2049 cortina
790 1995 908 2049 reclusis.

164 2070 296 2123 Submissi
314 2071 433 2138 petimus
452 2073 561 2134 terram,
580 2075 609 2122 et
627 2087 679 2121 vox
698 2069 786 2123 fertur
804 2071 840 2124 ad
857 2073 943 2125 auris:

164 2144 339 2198 Dardanidae
357 2144 427 2210 duri,
446 2160 516 2210 quae
534 2161 581 2196 vos
599 2160 616 2196 a
634 2145 719 2210 stirpe
737 2149 881 2212 parentum

165 2221 257 2273 Prima
274 2219 339 2273 tulit
358 2220 446 2284 tellus,
466 2220 563 2272 eadem
580 2237 628 2273 vos
645 2219 731 2271 ubere
749 2219 824 2273 laeto
996 2239 1020 2279 ce

166 2296 290 2364 Accipiet
308 2295 429 2349 reduces.
469 2295 617 2364 Antiquam
636 2294 773 2362 exquirite
788 2299 912 2350 matrem.

165 2374 219 2426 Hie
237 2371 334 2425 domus
355 2373 466 2424 Aeneae
484 2371 588 2425 cunetis
607 2369 791 2426 doudnabitur
808 2373 871 2440 oris,

166 2450 201 2502 llt
218 2449 275 2502 nati
294 2452 428 2513 natorum,
448 2452 477 2503 et
496 2449 543 2518 qui
563 2452 709 2503 nascentur
726 2449 761 2502 ab
779 2449 839 2503 illis.
917 2507 919 2511 ,

166 2525 242 2578 Haeo
262 2524 401 2590 Phoebus;
419 2526 558 2595 mixtoque
576 2528 672 2594 ingens
690 2529 784 2580 exorta
802 2527 923 2581 tumultu

165 2601 289 2665 Laetitia,
302 2605 331 2654 et
342 2602 441 2669 cuncti,
454 2620 524 2672 quae
538 2606 592 2658 sint
604 2622 637 2658 ea
650 2604 762 2671 moenia,
774 2607 916 2672 quaerunt,
986 2621 1021 2660 roo

166 2678 225 2742 Quo
245 2677 370 2731 Phoebus
389 2684 467 2734 vocet
487 2682 604 2736 errantis
624 2681 772 2748 iubeatque
790 2681 908 2735 revertit

165 2754 233 2808 Tum
251 2755 366 2822 genitor,
385 2761 508 2811 vetorum
527 2759 639 2812 volvens
657 2764 832 2814 monumenta
849 2759 977 2828 virorum,

167 2830 278 2892 Audite,
296 2847 312 2883 o
330 2836 528 2903 proceremit,
548 2843 577 2890 ct
596 2854 658 2906 spes
677 2835 774 2889 discite
791 2840 910 2890 vestras:
1054 2827 1056 2832 ¹

166 2906 248 2961 Creta
268 2907 340 2961 lovis
358 2912 448 2977 magni
467 2913 557 2966 modio
576 2915 646 2968 iacet
663 2913 752 2967 insula
768 2916 866 2981 ponto;

166 2981 245 3036 Mons
265 2983 365 3038 Idaeus
384 2986 439 3054 ubi,
458 2991 487 3042 et
505 2991 594 3057 gentis
613 2990 746 3044 cunabula
764 2993 881 3043 nostrae.
985 3003 1021 3042 loo

166 3060 282 3114 Centum
301 3060 382 3115 urbes
400 3062 527 3118 habitant
545 3083 663 3134 magnas,
681 3067 818 3120 uberrima
834 3081 934 3132 regna;

166 3136 311 3191 Maxumus
329 3139 402 3193 unde
421 3145 507 3212 puter,
527 3144 549 3197 si
568 3144 622 3197 rite
640 3143 734 3197 audita
751 3141 888 3208 recordor,

166 3211 285 3268 Teucrus
306 3214 443 3273 Rhoeteas
461 3220 578 3290 primum
598 3224 641 3274 est
658 3220 789 3275 advectus
805 3217 841 3272 ad
860 3233 928 3284 oras,
