2268 3570
119 165 167 214 264
374 162 403 208 Ρ,
423 157 578 206 Veserm
598 154 767 202 MARONIS

119 244 187 297 Tum
208 241 301 296 Bitian
319 239 462 294 ardentem
481 237 565 292 oculis
586 236 737 305 animisque
755 235 927 303 frementem,

120 321 182 373 Non
201 319 303 384 iaculo;
327 334 417 386 neque
436 316 508 370 enirn
524 315 610 370 iaculo
629 314 713 368 ritum
732 313 779 367 ille
797 313 934 377 dedisset;

121 395 175 448 Sed
194 411 323 462 magnum
343 393 463 448 stridens
484 395 609 446 contorta
626 390 764 460 phalarica
782 389 864 456 venit,
933 404 970 444 ree
992 388 997 394 “

122 471 255 524 Fulminis
271 475 333 525 acta
349 470 445 534 m0d0;
469 485 550 538 quam
569 485 619 521 nee
637 467 691 520 due
709 471 804 520 taurea
821 470 909 535 terga,

122 547 179 600 Nee
199 547 301 616 duplici
322 563 435 616 squama
455 546 539 599 lorica
558 545 647 598 fidelis
665 547 695 597 et
714 560 780 596 aure

121 623 271 688 Smtinuit;
290 623 417 691 conlapsa
431 625 515 675 ruunt
532 620 651 674 inmania
668 620 797 673 membra

121 699 177 752 Dat
192 699 274 754 tellus
293 699 432 767 gemitum,
451 702 481 751 et
500 697 616 766 elipeum
634 713 715 764 super
733 695 840 749 intonat
856 695 959 762 ingens

122 775 194 830 Talis
214 776 242 828 in
262 775 381 828 Euboico
400 775 527 828 Baiarum
547 773 628 827 litere
646 772 781 840 quondam
934 785 971 824 rra

122 852 210 906 Saxea
228 852 283 920 pila
300 852 382 918 cadit,
404 851 510 919 nragnis
529 866 611 918 quam
630 848 748 902 molibus
765 851 830 902 ante

123 928 313 982 Constructam
332 932 416 996 ponte
435 927 551 980 iaciunt:
576 925 614 978 sic
629 925 676 978 illa
695 925 800 978 ruinam

124 1004 213 1058 Prona
231 1004 323 1068 trahit,
341 1005 506 1072 penitusque
523 1003 601 1056 vadis
619 1001 699 1054 inlisa
717 1000 866 1065 recumbit;

123 1080 241 1135 Miscent
260 1097 290 1134 se
308 1080 400 1147 maria,
420 1083 449 1132 et
466 1079 560 1147 nigrae
579 1077 743 1132 attolluntur
763 1093 877 1142 arenam

123 1156 190 1209 Tum
206 1157 297 1210 sonitu
314 1155 449 1224 Prochyta
464 1155 522 1208 alta
532 1153 636 1220 tremit,
649 1151 805 1221 durumque
816 1151 905 1208 cubile
934 1167 971 1208 rra

124 1232 243 1286 Inarime
263 1233 336 1286 Iovis
356 1231 469 1300 inperiis
487 1229 596 1298 inposta
615 1229 748 1298 Typhoeo.

159 1309 213 1361 Hie
231 1307 307 1360 Mars
324 1308 492 1374 armipotens
510 1306 630 1359 arrimum
647 1306 768 1374 virisque
787 1305 892 1360 Latinis

126 1384 249 1452 Addidit,
269 1386 298 1436 et
315 1381 439 1435 stimules
457 1382 528 1434 acris
546 1380 598 1434 sub
615 1385 727 1450 pectere
744 1381 842 1446 vertit3

22 1477 29 1490 ¹
125 1460 287 1527 Inmisitque
305 1458 410 1525 Fugam
429 1457 540 1528 Teucris
557 1460 703 1527 atrumque
722 1457 866 1513 Timorem.

127 1537 253 1604 Undique
271 1533 442 1600 conveniunt,
461 1534 589 1602 quoniam
607 1533 673 1588 date.
690 1534 769 1600 eopia
785 1550 899 1602 pugnae,
933 1548 971 1588 rm

125 1613 300 1678 Bellatorque
318 1609 409 1663 anime
427 1609 495 1662 deus
512 1609 616 1664 incidit.

127 1688 272 1752 Pandarus,
290 1689 321 1740 ut
338 1686 399 1740 fuse
416 1701 576 1752 germanum
594 1703 707 1756 corpore
725 1687 820 1754 cernit,

126 1765 161 1818 m
178 1781 232 1832 quo
250 1763 286 1816 sit
303 1763 412 1816 fortuna
428 1762 495 1830 leco,
514 1763 561 1830 qui
579 1779 658 1816 casus
674 1767 739 1830 agat
757 1779 808 1830 res,

125 1841 236 1894 Portam
254 1840 280 1892 vi
299 1839 385 1892 multa
403 1855 532 1892 converso
549 1837 660 1892 ‹ardine
678 1842 797 1906 torquet,

125 1917 248 1970 Obnixus
266 1916 330 1968 latis
347 1915 474 1982 humeris,
493 1915 649 1983 multosque
666 1931 776 1968 suerum
936 1930 972 1970 rat

124 1991 267 2045 Moenibus
285 1991 407 2044 exclusos
425 1991 495 2044 duro
511 1992 539 2042 in
557 1990 704 2044 certamine
721 1991 833 2058 linquit;

128 2071 178 2122 nst
196 2068 264 2122 alies
282 2083 374 2120 seeum
392 2067 509 2121 includit
526 2067 678 2135 recipitque
696 2067 810 2134 ruentis,

124 2145 256 2198 Demens!
277 2144 323 2212 qni
343 2143 476 2197 Rutulum
493 2143 522 2196 in
540 2142 702 2196 medionon
720 2143 828 2211 agmine
845 2159 939 2210 regem

125 2221 235 2275 Viderit
252 2221 464 2288 inrumpentem,
482 2219 609 2288 ultroque
627 2219 767 2274 incluserit
784 2219 855 2287 urbi,

125 2299 265 2351 inmanem
283 2296 368 2348 veluti
386 2311 485 2363 pecora
502 2295 576 2348 inter
591 2295 691 2350 inertia
709 2296 809 2363 tigrim.
937 2309 974 2350 7³0

125 2375 260 2428 Continuo
277 2389 347 2424 nova
364 2371 410 2422 lux
429 2371 513 2423 oeulis
531 2371 639 2439 effulsit,
658 2375 687 2424 et
705 2387 781 2425 arma

124 2449 300 2504 Horrendum
319 2463 449 2511 senuore;
467 2450 590 2500 tremunt
607 2447 635 2500 in
653 2448 756 2500 vertice
774 2450 873 2502 cristae

125 2527 301 2594 Sanguineas,
320 2523 461 2590 clipeoque
479 2521 608 2575 micantia
624 2523 739 2576 fulmina
756 2525 852 2578 mittit.

127 2603 305 2670 adgnoscunt
323 2599 420 2651 faciem
437 2597 552 2650 inrisam
570 2603 654 2666 atque
671 2599 790 2654 inmania
807 2601 931 2656 membra

124 2677 238 2732 Turbati
257 2675 349 2730 subite
368 2673 524 2728 Aeneadae.
561 2673 629 2727 'lum
649 2674 791 2728 Pandarus
808 2677 903 2743 ingens
938 2691 974 2732 res

126 2755 238 2820 Emicat,
257 2755 287 2806 et
304 2750 401 2804 mertis
419 2750 558 2803 fraternae
575 2749 697 2804 fervidus
714 2751 756 2804 ira

126 2831 243 2886 Edatur:
263 2828 325 2881 Non
343 2827 410 2881 haee
429 2825 528 2880 dotalis
546 2827 622 2894 regia
641 2827 774 2893 Amatam

126 2908 184 2962 Nec
200 2905 287 2960 muris
304 2903 413 2958 cohibet
430 2901 529 2972 patriis
546 2903 637 2956 media
656 2904 751 2958 Ardea
769 2904 895 2958 Turnum.

126 2985 224 3039 Castra
240 2979 350 3036 inimica
367 2978 460 3044 vides;
477 2979 551 3034 nulla
568 2978 631 3033 hine
649 2980 724 3034 exire
742 2985 871 3048 potestas

126 3061 180 3115 Olli
198 3057 344 3114 subridens
363 3055 458 3110 sedato
475 3061 587 3124 pectere
605 3057 724 3110 Turnus:
940 3070 977 3112 rte

128 3136 228 3206 Incipe,
247 3135 270 3189 si
288 3149 343 3202 qua
359 3132 449 3186 animo
468 3133 561 3198 virtus,
581 3135 610 3186 et
628 3149 739 3186 consere
757 3132 898 3200 dextram

128 3213 182 3268 Hic
199 3211 284 3266 etiam
301 3209 443 3264 inventum
462 3207 570 3262 Priamo
588 3207 713 3262 narrabis
732 3207 864 3264 Achillen.
