2268 3570
117 159 163 206 284
351 155 380 203 P.
400 156 551 204 VERGILI
570 157 736 206 MARONIS

118 235 236 304 Duxisti,
255 239 284 290 et
303 236 365 290 talis
383 236 494 290 voluisti
512 236 671 306 expendere
688 239 807 306 poenas?

117 313 176 377 Quo
193 313 284 367 ferorl
303 312 377 366 unde
388 313 461 367 abiit
480 330 551 382 quae
569 330 614 367 me
631 314 703 381 fuga,
717 331 834 382 quemve
846 315 972 372 reducitl

116 387 299 442 Laurentisne
318 389 419 442 iterum
438 406 530 443 muros
548 394 598 444 aut
616 393 707 444 castra
724 390 840 446 videbol

116 463 189 528 Quid
207 482 303 520 manus
320 465 367 519 illa
385 466 480 533 virum,
500 468 548 534 qui
566 484 610 520 me
629 483 745 534 meaque
763 483 839 520 arma
857 469 960 522 secutii

115 540 459 604 Quosne—nefas-omnis
477 542 590 596 infanda
607 543 635 596 in
653 546 742 596 morte
760 543 867 612 reliqui,

115 615 151 670 llt
169 633 240 671 mmo
258 619 376 686 palantis
394 619 482 683 videa
499 621 689 688 gemitumque
707 618 854 680 cadentum

115 693 245 762 Accipiol
265 694 339 759 Quid
351 697 418 762 agol
436 700 484 749 aut
497 713 567 763 qnae
580 697 634 748 iam
647 695 714 748 satis
726 695 781 748 ima
793 695 917 750 dehiscat
934 711 970 750 as

113 769 197 823 Terra
215 771 299 826 mihil
327 771 384 824 Vos
402 789 418 825 ο
436 773 527 840 potins
545 772 720 838 miserescite,
739 772 831 838 venti3

116 845 147 898 ln
166 863 255 915 rupes,
275 847 303 900 in
321 848 512 902 saxa-volens
531 865 578 900 vos
597 848 703 900 Turnus
721 847 839 902 adoro-

115 921 198 976 llerte
216 928 312 992 ratem,
330 925 473 992 saevisque
492 924 570 978 vadis
588 925 721 978 inmittite
740 925 835 992 Syrtis,

114 998 173 1062 Quo
191 1017 281 1068 neque
299 1018 343 1054 me
363 1001 468 1068 Rutuli,
486 1017 537 1054 nee
554 1001 661 1054 conscia
678 1001 751 1054 sarna
768 1006 907 1068 sequetur.

114 1075 191 1128 llaec
203 1093 356 1130 memorans
369 1077 458 1130 animo
471 1094 542 1131 nunc
554 1077 614 1143 huc,
627 1094 698 1130 nunc
711 1077 825 1130 fluctuat
838 1078 916 1144 illue;
930 1093 967 1131 oso

114 1155 159 1204 An
178 1169 238 1204 sese
256 1169 384 1206 mucrone
403 1152 564 1207 obtentum
583 1153 705 1208 dedecus
722 1170 816 1207 amens

83 1219 88 1229 ¹
114 1227 223 1295 induat,
242 1232 271 1281 et
289 1229 404 1282 crudum
423 1247 473 1298 per
491 1233 580 1283 costas
597 1230 692 1297 exigat
710 1246 820 1294 ensem;

114 1305 255 1357 Fluctibus
273 1322 308 1358 an
326 1306 408 1359 iaciat
426 1307 531 1373 mediis,
550 1311 579 1359 et
597 1306 679 1359 litora
696 1306 786 1359 nando

113 1381 201 1433 Curva
219 1385 305 1449 petat,
325 1383 515 1450 Teucrumque
534 1383 634 1435 iterum
652 1399 682 1435 se
701 1383 801 1436 reddat
818 1387 846 1435 in
865 1399 946 1436 arma

112 1457 164 1510 Ter
183 1461 295 1510 conatus
313 1462 460 1526 utramque
478 1459 568 1524 viam3
586 1465 631 1512 ter
648 1475 776 1512 rnaxuma
796 1459 865 1512 Iuno
928 1474 964 1512 aas

112 1534 259 1600 Continuit,
279 1536 460 1608 iqvenemqne
478 1535 562 1589 animi
581 1537 710 1590 miserata
728 1535 865 1605 repressit.

113 1610 226 1664 Labitur
243 1613 300 1665 alta
319 1629 414 1666 secans
432 1613 573 1681 fluctuque
591 1617 724 1682 aestuque
743 1612 868 1679 secundo,

112 1687 148 1740 llt
166 1689 252 1756 patris
271 1691 411 1758 antiquam
431 1690 522 1742 Dauni
541 1689 665 1743 defertur
683 1690 719 1742 ad
738 1688 840 1742 urbem.

146 1765 185 1818 At
206 1766 279 1819 lovis
298 1767 403 1820 interea
421 1767 533 1819 monitis
553 1767 707 1820 Mezentius
724 1766 825 1818 ardens

111 1840 239 1894 Succedit
257 1859 373 1910 pugnae,
392 1843 567 1909 Teucrosque
585 1841 690 1893 invadit
708 1840 822 1892 ovantis.
926 1855 963 1894 sea

111 1917 281 1980 Concurrunt
299 1919 454 1986 Tyrrhenae
472 1918 551 1982 aclea,
570 1921 654 1985 atque
672 1915 797 1968 omnibus
816 1916 870 1981 uni,

111 1992 164 2045 Uni
182 1994 308 2061 odiisque
326 1995 383 2046 viro
403 1995 520 2061 telisque
538 1992 728 2060 frequentibus
747 1991 857 2044 instant.

111 2067 168 2136 Ille,
187 2070 262 2122 velut
281 2087 370 2138 rupes,
389 2073 496 2122 vastum
514 2085 585 2137 quae
603 2069 696 2136 prodit
713 2069 741 2121 in
759 2083 868 2134 aequor,

110 2143 197 2198 Obvia
216 2150 360 2199 ventorum
378 2146 456 2198 furiis
475 2149 644 2214 expostaque
662 2149 753 2212 ponte,

111 2220 173 2274 Vim
192 2226 318 2275 cunctam
336 2226 421 2291 atque
440 2223 527 2275 minas
545 2223 649 2290 perfert
667 2222 790 2290 caelique
808 2221 952 2288 marisque,
1002 2229 1005 2234 ’

114 2298 173 2364 [psa
192 2299 295 2351 inmota
313 2315 443 2364 nranens;
461 2299 565 2368 prolem
585 2298 758 2352 Dolichaonis
778 2297 903 2350 Hebrum

111 2375 213 2428 Sternit
226 2374 308 2442 humi,
321 2393 383 2428 eum
396 2393 450 2444 quo
464 2376 597 2444 Latagum
613 2376 791 2443 Palmumque
804 2374 936 2442 fugacom,

109 2448 163 2502 sed
183 2450 316 2518 Latagum
336 2468 400 2504 saxo
419 2456 503 2518 atquc
522 2452 627 2519 ingenti
646 2452 779 2519 fragmine
797 2451 897 2503 montis

108 2525 230 2595 Occupat
248 2544 278 2580 os
297 2528 448 2595 faciemque
467 2528 617 2594 adversarii,
636 2527 740 2596 poplite
760 2526 883 2579 Palmum

108 2602 216 2655 Succiso
236 2604 306 2656 volvi
326 2621 435 2672 segnem
455 2605 537 2670 sinit;
557 2621 686 2672 armaque
706 2603 794 2656 Lauso
926 2614 963 2654 ⁷00

112 2677 199 2732 llonat
217 2678 320 2733 habere
339 2680 459 2734 humeris
478 2685 506 2734 et
525 2682 627 2734 vertice
647 2681 729 2748 figere
747 2679 851 2732 cristas.

108 2755 237 2809 Necnon
258 2756 402 2810 Euanthen
423 2759 577 2825 Phrygium,
599 2758 759 2825 Paridisque
779 2755 914 2807 Mimanta

110 2833 260 2900 Aequalem
279 2835 468 2902 comitemque,
488 2851 542 2886 nna
561 2851 641 2902 quem
661 2837 739 2886 nocte
758 2832 864 2884 Theano

109 2909 141 2962 ln
159 2910 248 2963 lucem
266 2910 384 2979 genitori
404 2914 507 2978 Amyco
526 2911 611 2977 dedit,
631 2915 660 2964 et
678 2910 736 2964 face
755 2923 907 2976 praegnans

108 2987 207 3040 Cisseis
226 2989 320 3056 regina
339 2989 431 3040 Parim
450 2991 540 3041 creat:
559 2987 627 3040 urbe
646 2992 760 3056 paterna
924 2994 960 3034 tot

107 3063 249 3129 Occnbat;
268 3066 392 3132 ignarum
412 3064 533 3117 Laurens
552 3061 636 3118 habet
655 3081 702 3116 ora
720 3062 860 3115 Mimanta.

109 3143 149 3193 Ac
167 3141 242 3195 velut
260 3141 306 3194 ille
324 3159 422 3194 canum
441 3158 533 3195 morsu
552 3139 586 3193 de
604 3136 822 3194 montibns'altis

108 3217 196 3269 Actus
214 3233 288 3286 aper,
305 3218 407 3272 multos
426 3217 544 3272 Vesulus
562 3233 642 3282 quem
662 3216 760 3283 pinifer·
777 3227 861 3264 annos
