2266 3562
355 492 384 541 P.
402 491 558 540 VERGILI
576 491 741 542 MARONIS

235 577 237 580 Ι
327 639 777 716 GEORGIOON

397 825 514 878 LIBER
539 825 707 880 TERTIUS.

508 1023 605 1048 —o—

125 1169 166 1222 Tn
184 1184 301 1237 quoque,
320 1185 418 1237 magna
436 1176 523 1240 Pales,
542 1179 570 1228 et
588 1178 617 1228 te
635 1177 809 1227 memorande
827 1189 954 1228 canemus

127 1244 225 1298 Pastor
243 1245 277 1296 ab
298 1245 460 1315 Amphryso,
478 1265 533 1315 vos,
553 1251 635 1304 silvae
654 1266 801 1318 amnesque
821 1250 925 1318 Lycaei.

51 1319 55 1326 ’
126 1321 232 1387 Cetera,
252 1337 322 1387 quae
340 1337 437 1376 vacuas
456 1327 608 1380 tenuissent
626 1327 746 1379 carmine
763 1330 877 1393 mentes,

126 1397 223 1450 Omnia
241 1397 294 1450 iam
314 1397 432 1464 volgata:
452 1402 513 1468 quis
531 1405 579 1454 aut
600 1402 752 1470 Eurysthea
770 1402 875 1470 durum,

125 1476 184 1527 alut
203 1472 335 1527 inlaudati
354 1477 441 1530 nescit
460 1477 594 1530 Busiridis
612 1480 689 1532 arasl

125 1551 175 1604 Cui
193 1567 246 1602 uon
266 1549 356 1603 dictus
376 1553 462 1620 Hylas
480 1571 549 1622 puer
567 1559 596 1608 et
615 1555 729 1607 Latonia
748 1553 838 1618 Delos,

125 1627 363 1695 Hippodameque,
381 1629 549 1700 humeroque
569 1631 668 1699 Pelops
686 1631 800 1698 insignis
818 1630 930 1698 eburno,

125 1706 199 1757 Acer
218 1705 311 1772 equisl
348 1705 519 1774 Temptanda
536 1708 580 1760 via
598 1710 649 1774 est,
668 1724 722 1776 qua
740 1723 784 1760 me
803 1722 912 1774 quoque

194 1797 295 1850 possim

125 1856 231 1910 Tollere
250 1859 332 1912 humo
350 1860 490 1928 victorque
509 1861 597 1912 virum
616 1859 730 1912 volitare
749 1875 873 1928 perora

126 1932 233 1986 Primus
252 1951 302 2001 ego
320 1936 347 1987 in
366 1937 483 2003 patriam
501 1953 614 2004 mecum,
633 1935 714 1988 modo
732 1935 789 1989 vita
807 1935 933 2004 supersit,
954 1947 979 1988 lo

126 2010 214 2062 Aonio
234 2010 342 2062 rediens
362 2011 494 2064 deducam
515 2013 616 2065 vertice
635 2012 735 2077 Musas,

126 2085 233 2138 Primus
255 2084 400 2140 idumaeas
418 2088 535 2140 referam
554 2087 611 2153 tibi,
632 2088 753 2156 Mantua,
771 2088 882 2156 palmas,

126 2163 161 2216 nt
179 2162 258 2216 viridi
276 2163 303 2215 iu
323 2163 419 2232 canipe
437 2165 571 2234 templum
591 2166 625 2218 de
644 2181 778 2218 marmore
796 2181 894 2233 ponam

126 2238 242 2306 Propter
261 2256 367 2308 aquam,
388 2241 474 2294 tardis
492 2242 587 2310 ingens
606 2242 652 2295 ubi
670 2241 786 2295 flexibus
805 2245 878 2294 errat

125 2315 240 2370 Mincius
259 2323 288 2370 et
306 2322 401 2372 tenera
420 2320 557 2387 praetexit
576 2319 706 2372 arundine
724 2320 804 2388 ripas.
956 2331 980 2371 15

67 2413 73 2420 ·
127 2392 158 2444 lu
177 2393 267 2446 medie
287 2394 354 2445 mihi
375 2395 474 2447 Caesar
493 2396 554 2460 erit,
574 2395 761 2463 templumque
779 2395 892 2448 tenebit.

125 2469 169 2521 llli
188 2470 274 2522 victor
293 2487 343 2537 ogo
363 2474 391 2522 et
410 2471 488 2536 Tyrio
507 2475 668 2538 conspectus
686 2472 714 2523 iu
732 2475 805 2524 ostro

126 2545 242 2599 Centum
262 2546 437 2614 quadriiugos
455 2546 566 2614 agitabo
584 2545 619 2598 ad
638 2545 747 2600 flumina
765 2563 873 2611 currus;

125 2623 230 2676 Cuncta
248 2623 321 2688 mihi,
343 2624 479 2692 Alpheum
500 2624 624 2692 linquens
642 2623 771 2691 lucosque
789 2621 929 2686 Molorchi,

125 2699 254 2752 Cursibus
273 2703 301 2753 et
322 2700 406 2753 crudo
425 2701 555 2754 decernet
574 2700 687 2754 Graecia
705 2703 802 2752 caestu.
956 2713 979 2752 ao

126 2775 195 2844 lpse
214 2781 295 2846 eaput
315 2779 409 2830 tonsae
427 2777 498 2830 loliis
517 2781 628 2830 ornatus
647 2776 742 2843 olivae,

126 2853 204 2906 Dona
221 2855 313 2908 leram.
354 2854 412 2907 Iam
431 2872 501 2908 nunc
521 2854 657 2906 sollemnis
677 2853 778 2906 ducere
796 2868 909 2920 pompas

127 2930 172 2983 Ad
190 2930 304 2986 delubra
323 2933 398 2986 iuvat
417 2948 565 3001 caesosque
584 2930 677 2983 ridere
697 2929 831 2994 iuvencos,

125 3007 176 3060 Vel
196 3026 292 3063 scaena
310 3014 341 3063 ut
360 3009 444 3062 versis
463 3007 585 3060 discedat
603 3005 745 3071 frontibus
764 3008 850 3074 utque

127 3086 267 3154 Purpurea
285 3087 383 3140 intexti
402 3086 499 3138 tollant
517 3085 612 3136 aulaea
631 3083 763 3135 Britanni.
955 3096 978 3135 ar

126 3160 159 3215 In
178 3162 282 3216 foribus
300 3179 418 3230 pugnam
438 3179 472 3214 ex
490 3177 556 3214 auro
575 3159 715 3226 solidoque
735 3157 879 3226 elephanto

126 3237 312 3308 Gangaridum
330 3237 426 3292 faciam
445 3237 610 3302 victorisque
629 3251 704 3289 arma
724 3235 837 3300 Quirini,
