2290 3568
417 160 598 210 AENEIDOS
615 159 684 208 LIB.
705 158 755 206 VI.
961 158 1006 203 199

157 241 256 296 Omnia
273 257 421 310 poenarum
440 255 601 310 percurrere
618 238 728 292 uomina
746 237 855 307 possim.

195 319 269 372 Haec
287 317 334 370 ubi
353 317 426 370 dicta
444 315 522 370 dedit
541 315 644 368 Phoebi
663 314 794 382 longaeva
812 315 952 372 sacerdos:

158 395 212 448 Sed
225 395 278 448 iam
291 411 349 461 age,
363 409 442 461 carpe
456 393 526 446 riam
540 395 569 445 et
581 395 738 460 susceptum
753 391 853 459 perfice
865 408 978 456 muuns;

159 470 361 534 Adceleremus,
380 469 419 522 ait
426 491 433 534 ;
458 468 605 537 Cyclopum
625 467 725 522 educta
743 468 855 522 caminis
971 482 1007 521 osu

157 545 266 600 Moenia
284 547 418 615 conspicio
436 551 519 614 atque
538 545 653 598 adverso
672 546 776 600 fornice
795 551 896 614 portes,

158 623 235 676 Haec
252 623 299 676 ubi
317 640 367 676 nos
384 627 531 692 praecepta
549 621 645 675 iubent
664 622 801 691 deponere
819 622 899 676 dona.

157 699 278 768 Dixerat,
297 704 325 753 ot
343 700 455 768 pariter,
473 698 561 766 gressi
580 715 630 766 per
648 716 731 768 opace
749 701 861 767 riarum,

157 775 314 845 Corripiunt
333 776 451 844 spatium
471 775 601 842 medium,
621 775 780 844 foribusque
798 777 990 846 propinquent.

157 850 279 921 Occupat
298 855 408 906 Aeneas
425 852 539 919 aditum,
558 869 712 920 corpusque
730 854 833 906 recenti
971 867 1007 906 sss

157 928 268 997 Spargit
286 945 365 996 aqua,
384 944 544 995 ramumque
564 928 678 980 adverso
697 930 724 980 in
743 929 835 982 limine
853 927 920 996 figit.

193 1004 244 1057 His
264 1004 373 1056 demum
392 1003 501 1070 exactis,
520 1003 642 1071 perlecto
660 1021 772 1058 munero
790 1005 877 1071 divae,

157 1080 300 1133 Devenere
319 1079 392 1132 locos
410 1079 496 1132 laetos
515 1085 545 1133 et
563 1096 677 1134 amoena
694 1082 796 1134 virecta

159 1156 369 1209 Fortunatorum
388 1172 528 1209 nemorum
548 1156 683 1225 sedesque
701 1157 803 1212 beatas.

158 1232 272 1301 Largior
289 1232 333 1285 hic
351 1249 460 1301 campos
478 1234 574 1286 aether
594 1239 622 1287 et
641 1233 741 1288 lumine
760 1235 841 1288 restit
970 1249 1006 1288 eso

159 1309 305 1379 Purpureo,
324 1310 462 1378 solemque
482 1327 567 1378 suum,
587 1328 636 1364 sua
655 1312 745 1366 sidera
763 1315 869 1365 norunt.

160 1387 225 1440 Pars
243 1388 270 1440 in
288 1387 434 1454 gramineis
453 1391 582 1440 exercent
603 1387 726 1440 membra
743 1387 894 1457 palaestris,

158 1463 333 1518 Contendunt
351 1463 416 1516 ludo
434 1468 463 1517 et
481 1464 555 1516 fulva
575 1464 714 1517 luctantur
732 1482 828 1530 arena3

162 1539 226 1592 l’ars
243 1539 358 1607 pedibus
377 1540 510 1607 plaudunt
529 1539 640 1592 choreas
659 1545 688 1593 et
706 1541 824 1593 carmina
842 1541 944 1594 dicunt.

159 1616 287 1669 Necnon
306 1616 446 1668 Threicius
464 1616 544 1682 longa
562 1632 623 1668 curn
642 1621 718 1669 veste
737 1617 862 1669 sacerdos
970 1631 1005 1670 645

159 1691 324 1760 Obloquitur
343 1692 462 1744 numeris
482 1698 586 1759 septem
609 1692 764 1744 discrimina
781 1709 884 1759 vocum,

160 1768 273 1836 Iamque
291 1768 387 1821 eadem
407 1767 508 1837 digitis,
518 1767 570 1821 iarn
591 1769 698 1836 pectino
716 1769 806 1836 pulsnt
824 1767 934 1821 eburno.

161 1844 211 1897 llic
228 1861 314 1912 genus
333 1845 475 1913 antiquum
495 1844 598 1910 Teucri,
618 1845 799 1914 pulcherrima
817 1844 914 1913 proles,

158 1919 323 1987 Magnanimi
341 1921 444 1986 heroos,
464 1922 519 1974 nati
538 1922 695 1975 melioribus
713 1923 796 1988 annis,

161 1995 270 2063 Ilusque
289 1999 494 2065 Assaracusque
514 2001 542 2050 ot
562 1999 656 2051 Troiae
678 1998 822 2050 Dardanus
840 2001 940 2052 auctor.
969 2012 1006 2050 oso

159 2074 244 2124 Arma
261 2073 355 2139 procul
373 2089 523 2139 currusque
541 2075 629 2126 virum
648 2076 764 2127 miratur
782 2075 875 2126 inanis.

157 2149 238 2200 Stant
256 2154 331 2201 terra
349 2148 455 2202 delixae
473 2149 575 2215 hastae,
594 2150 750 2218 passimque
769 2151 849 2202 soluti

158 2223 211 2276 l'cr
228 2239 353 2291 campum
371 2227 520 2291 pascuntur
540 2226 610 2292 equi.
650 2225 725 2288 Quae
742 2227 831 2292 gratia
849 2241 975 2277 curruum

157 2301 361 2368 Armorumque
378 2299 432 2353 luit
450 2300 525 2367 vivis,
545 2319 614 2368 quae
633 2319 698 2355 curu
716 2302 829 2354 nitentis

158 2377 272 2429 Poscere
291 2393 382 2444 equos,
402 2377 498 2430 eadem
519 2379 642 2446 sequitur
662 2379 759 2432 tellure
778 2381 909 2446 repostos.
969 2391 1005 2429 ees

157 2452 300 2522 Conspicit,
321 2471 389 2518 ecco,
407 2455 473 2508 alios
492 2454 592 2508 dextra
610 2455 741 2525 laevaque
758 2473 809 2525 per
826 2453 939 2507 herhsm

158 2529 299 2583 Vescoutis
318 2531 474 2601 laetumque
492 2532 574 2585 choro
597 2534 704 2587 Paeana
722 2533 843 2587 canentis

157 2607 234 2660 lutor
252 2607 396 2662 odoratum
415 2610 484 2663 lauri
504 2628 607 2678 nemus,
627 2610 700 2664 undo
719 2626 834 2678 superne

156 2682 293 2737 Plurimus
313 2686 424 2740 Eridani
443 2705 493 2756 per
514 2687 607 2742 silvam
627 2688 744 2740 volvitur
762 2685 855 2740 amnis.

156 2758 210 2812 Hic
228 2777 323 2814 manus
341 2763 376 2817 ob
394 2765 510 2832 patriam
529 2766 674 2833 pugnando
693 2765 801 2817 volnera
818 2762 897 2832 passi,
969 2775 1006 2814 oso

155 2836 262 2903 Quique
282 2840 437 2893 sacerdotes
456 2843 531 2908 casti,
551 2842 615 2894 dum
635 2841 845 2914 vita-manebat,

154 2912 261 2982 Quique
279 2916 316 2983 pii
334 2921 411 2970 vates
429 2922 458 2972 et
478 2918 585 2971 Phoebo
604 2920 688 2986 digna
706 2917 797 2982 locuti,

154 2991 284 3045 Inventas
303 2996 352 3046 ant
371 2995 419 3063 qui
439 2996 521 3048 vitam
541 2996 683 3049 excoluere
702 3012 752 3065 per
769 2994 844 3061 artis,

154 3069 261 3138 Quique
279 3070 320 3122 sui
339 3087 473 3125 memores
491 3072 557 3126 alios
576 3073 665 3126 fecere
685 3071 829 3136 merendo;

154 3144 285 3199 Omnibus
303 3147 346 3201 his
365 3149 444 3202 nivea
462 3149 607 3217 cinguntur
626 3154 751 3217 tempora
771 3147 848 3202 vitta.
971 3161 1007 3202 ete

154 3221 227 3286 Quos
244 3225 420 3280 circumfusos
439 3225 477 3280 sic
495 3229 537 3280 est
556 3227 650 3280 adfata
669 3225 780 3293 Sibylla,
