2266 3562
398 150 586 204 BUOOLICA.
618 151 693 201 ECL.
720 151 767 200 iV.

170 232 271 291 Ubera,
290 247 339 284 nee
358 246 471 297 riiagnes
489 227 615 286 metuent
634 233 758 284 armenta
777 231 875 285 leones

171 309 235 376 lpse
253 306 304 360 tibi
322 306 437 359 blandos
454 306 571 361 fundent
589 307 723 361 cunabula
741 307 826 360 flores.

169 383 284 438 Occidet
301 387 331 436 et
349 399 468 452 serpens,
487 387 515 436 et
534 385 616 438 fallax
635 383 720 438 herba
740 384 835 437 veneni

169 459 298 525 Occidet;
323 460 466 527 Assyrium
484 461 562 528 volgo
581 465 709 525 nascetur
727 477 869 514 amomum.
1000 479 1025 516 ec

171 540 211 592 At
228 537 308 590 simul
327 536 440 590 hereum
459 537 553 592 laudes
573 543 601 592 et
619 539 691 592 iacta
709 539 831 606 parentis

171 614 229 667 iarn
248 613 339 680 legere
358 616 386 666 et
406 629 477 681 quae
494 614 530 666 sit
547 615 651 682 poteris
671 631 833 682 cognoscere
851 615 946 682 virtus,

169 691 245 744 Molli
263 691 395 759 paulatim
414 691 542 743 flavescet
562 709 672 760 campus
692 692 784 750 arista,

170 767 339 835 incultisque
357 766 457 820 rubens
475 767 608 835 pendebit
627 767 749 821 sentibus
766 783 826 835 rive,

168 843 204 896 iit
222 843 308 897 durae
326 861 442 912 quercus
462 844 600 898 sudabunt
618 844 725 897 roseida
742 843 829 897 mella
998 861 1023 898 m

169 920 258 974 Pauca
275 925 369 975 temen
388 921 521 974 suberunt
539 922 644 989 priseae
664 920 777 988 vestigia
795 921 906 988 fraudis,

168 994 244 1059 Quae
262 1000 400 1066 temptare
419 997 527 1050 Thetim
546 998 659 1065 ratibus,
679 1015 750 1066 quae
768 997 877 1064 cingere
895 1015 981 1051 muns

167 1072 282 1141 Oppida,
302 1091 373 1143 quae
391 1073 503 1127 iubeant
522 1073 614 1126 telluri
632 1074 766 1128 infindere
785 1073 877 1127 sulcos.

167 1148 249 1202 Alter
267 1150 321 1203 erit
339 1154 398 1203 tum
418 1150 524 1218 Tiphys,
544 1150 678 1203 etaltera
697 1167 767 1218 quae
785 1150 867 1203 vehat
887 1153 964 1218 Arge

168 1224 295 1279 Delectos
313 1225 424 1292 herous;
444 1231 524 1280 erunt
543 1228 626 1280 etiam
646 1228 733 1281 altera
750 1226 829 1294 bella,
997 1244 1022 1280 as

167 1303 263 1370 Atque
281 1303 382 1356 iterum
401 1304 437 1356 ad
456 1303 564 1356 Troiani
582 1321 697 1371 nmgnus
716 1304 843 1358 mittetur
863 1303 992 1357 Aebilies.

167 1377 247 1444 Hinc,
265 1378 312 1431 ubi
331 1379 384 1432 iarn
403 1380 511 1435 firmata
529 1381 616 1432 virum
635 1384 664 1434 te
682 1380 779 1434 iecerit
798 1384 880 1444 actas,

166 1453 254 1508 Cedet
273 1459 302 1508 et
321 1456 379 1524 ipse
397 1457 465 1508 mari
484 1459 584 1523 vector,
603 1473 653 1509 nee
671 1458 780 1510 nautica
797 1458 877 1524 pinus

165 1529 287 1584 Mutabit
305 1549 422 1586 merces:
442 1533 529 1585 omnis
548 1533 619 1586 ieret
637 1533 726 1586 omnia
744 1533 831 1586 telius.

164 1608 227 1661 Non
246 1612 350 1661 rastros
366 1609 489 1678 patietur
507 1608 612 1676 humus,
630 1625 683 1662 non
702 1609 781 1662 vinea
798 1609 909 1675 falcem;
1004 1629 1022 1663 n

164 1683 305 1737 Robustus
324 1701 432 1753 queque
450 1684 504 1738 iam
523 1685 610 1738 tauris
628 1685 691 1752 iuga
709 1685 795 1739 solvet
813 1689 919 1750 arator-3

164 1760 222 1814 Nee
240 1761 329 1814 varios
348 1760 437 1814 discet
455 1761 565 1814 mentiri
585 1761 647 1814 lana
665 1762 776 1828 colores,

164 1837 229 1906 Ipse
247 1837 297 1890 sed
315 1840 343 1890 in
361 1838 448 1907 pratis
466 1838 538 1891 aries
556 1838 610 1890 ium
629 1855 712 1892 suave
730 1838 839 1892 rubenti

164 1913 276 1982 Murice,
295 1914 349 1967 iam
368 1931 462 1967 croceo
481 1914 600 1968 mutabit
619 1915 720 1968 uellera
738 1915 810 1980 lut0;

163 1989 266 2058 Sponte
285 2007 334 2043 sua
352 1990 455 2057 sandyx
475 1991 611 2058 pascentis
630 1992 730 2044 vestiet
748 2008 838 2060 agnes.
993 2007 1018 2044 as

162 2065 238 2119 Talia
256 2067 354 2132 saecla,
373 2067 428 2119 suis
447 2066 585 2134 dixerunt,
604 2067 713 2134 currite,
732 2068 799 2121 fusis

162 2141 319 2196 Concordes
337 2142 428 2196 stabili
447 2143 566 2197 fatorum
584 2145 695 2197 numine
716 2145 823 2198 Parcae.

163 2219 326 2287 Adgredere
345 2236 361 2271 c
379 2220 619 2287 magnos—aderit
638 2220 691 2273 iam
710 2221 976 2289 tempus—hencres,
1000 2269 1003 2274 .

162 2296 234 2349 Cara
252 2295 333 2348 deum
352 2296 468 2363 subeles,
487 2312 615 2363 magnum
636 2297 708 2348 Iovis
726 2297 938 2351 incrementum!

162 2372 265 2444 Aspice
283 2389 402 2427 ecrrvcxe
421 2376 564 2426 nutantem
584 2372 705 2440 pendere
723 2372 863 2437 mundum,
991 2389 1016 2428 ct

161 2449 316 2517 Terraeque
335 2453 497 2517 tractusque
516 2451 599 2502 maris
617 2449 777 2520 caelumque
795 2450 967 2518 profundum,

162 2526 270 2594 Aspice,
289 2529 404 2580 venture
422 2526 561 2580 laetantur
578 2530 609 2579 ut
628 2527 718 2579 emnia
736 2527 840 2580 saeclo!

162 2601 186 2654 Ο
206 2603 271 2656 mihi
292 2607 348 2656 tum
367 2602 463 2670 longae
482 2606 592 2656 maneat
609 2620 673 2671 pars
692 2603 788 2657 ultima
807 2605 888 2668 uitae,

161 2678 279 2746 Spiritus
297 2683 333 2746 et,
352 2683 485 2748 quantuni
505 2684 548 2733 sat
567 2681 621 2732 erit
639 2683 687 2732 tua
706 2679 797 2734 dicere
815 2681 899 2735 factm

162 2753 223 2807 Non
242 2772 287 2810 mc
305 2755 468 2809 carminibus
486 2757 577 2809 vincet
594 2773 644 2808 nec
663 2756 793 2809 Thracius
812 2757 943 2824 Orpheus¹
990 2771 1014 2810 55
1122 2809 1123 2814 ,

161 2829 186 2884 N
188 2847 219 2884 ec
233 2831 324 2899 Linus,
337 2832 399 2886 huie
411 2837 500 2886 mater
513 2833 636 2900 quamvis
649 2836 733 2901 atque
745 2833 807 2885 huic
822 2837 901 2900 pater
919 2831 1000 2897 adsit,

161 2905 264 2974 Orphei
284 2909 428 2978 Calliopea,
449 2909 516 2962 Lino
534 2910 669 2962 fernmsus
689 2910 793 2977 Apollo,

161 2983 219 3038 Pan
237 2984 328 3049 etiam,
349 2985 469 3038 Arcadia
487 3002 591 3039 mecum
611 2985 633 3037 si
651 2985 740 3040 iudice
759 2989 854 3053 certet,

162 3059 218 3113 Pan
237 3061 320 3116 etiam
345 3061 463 3114 Arcadia
481 3062 554 3115 dieat
572 3078 601 3114 se
620 3062 709 3115 iudice
728 3063 837 3115 victum.

162 3136 263 3204 Incipe,
283 3153 366 3207 parve
385 3154 459 3206 puer,
478 3138 534 3191 risu
553 3154 716 3204 cognoscere
734 3141 864 3192 matrem:
985 3154 1012 3195 c)

161 3211 246 3266 Matri
265 3213 345 3282 ionga
362 3213 457 3268 decem
476 3215 600 3269 tulerunt
616 3213 728 3269 fastidia
746 3211 871 3276 menses;
