2290 3568
118 169 164 218 248
350 168 377 216 Ρ.
398 168 549 216 VERGILI
567 167 731 216 MARONIS

118 249 246 315 Classem,
264 265 335 317 quae
353 249 432 302 lateri
451 252 602 302 castrorum
621 249 751 301 adiuncta
769 247 880 315 latebat,

118 325 274 392 Aggeribus
292 329 414 393 saeptam
432 325 533 378 circum
551 329 581 378 et
599 324 752 378 fluvialibus
769 324 857 390 undis,
944 357 967 395 .·o

118 402 234 468 Invadit,
253 402 393 469 sociosque
411 401 537 454 incendia
554 401 642 469 poscit
659 401 772 468 ovantis,

118 480 212 547 Atque
229 495 338 531 manum
355 478 422 546 pinu
440 477 566 546 flagranti
584 477 706 530 fervidus
723 477 816 545 inplet.

117 555 185 607 Tum
203 572 267 608 vero
285 554 459 618 incumbunt3
477 557 578 622 urguet
595 553 752 622 praesentia
770 553 868 619 Turni;

119 637 213 700 Atque
231 632 318 685 omnis
336 630 441 685 facibus
458 630 545 699 pubes
563 630 715 697 aecingitur
732 630 807 683 atris.

118 709 262 776 Diripuere
280 709 366 774 foeos;
384 708 491 776 piceum
509 707 564 760 fert
580 706 685 759 fumida
703 706 795 760 lumen
943 719 967 760 ta

117 785 208 838 'laeda
226 789 254 840 et
272 784 446 838 commixtam
466 783 602 836 Volcanus
620 782 656 835 ad
674 785 748 836 astra
766 781 893 835 favillam.

152 862 218 926 Quis
236 862 311 926 dens,
330 878 346 914 o
365 861 468 928 Musae,
486 863 542 913 tam
561 876 642 912 saeva
659 859 785 911 incendia
803 859 914 912 Teucris

118 939 243 992 Avertit?
261 943 352 992 tantos
370 937 477 990 ratibus
495 937 556 1005 quis
574 935 680 1003 depulit
697 935 784 1003 ignis?

118 1015 214 1069 Dicite.
250 1014 343 1067 Prisca
360 1013 430 1067 fides
448 1014 527 1079 lacto,
547 1011 596 1065 sed
613 1011 686 1064 fama
703 1011 836 1078 perennis.

117 1091 248 1160 Tempore
266 1108 321 1160 quo
338 1091 456 1159 primum
477 1089 593 1156 Phrygia
610 1087 746 1140 formabat
764 1089 791 1140 in
812 1088 863 1140 lda
941 1103 966 1140 ao

119 1170 226 1221 Aeneas
243 1168 363 1233 classem,
383 1171 412 1220 et
429 1166 518 1234 pelagi
536 1169 632 1233 petere
650 1165 706 1217 alta
723 1163 845 1233 parabat,

119 1244 183 1312 Ipsa
200 1244 282 1297 deum
300 1244 388 1297 fertur
405 1243 530 1310 genetrix
551 1241 712 1308 Berecyntia
729 1257 856 1308 magnum

119 1320 237 1374 Vocibus
255 1320 297 1373 his
314 1320 408 1372 adlata
426 1320 536 1371 Iovem:
557 1318 606 1381 Da,
624 1321 695 1383 nate,
714 1317 827 1385 petenti,

119 1397 197 1460 Quod
214 1401 262 1450 tna
280 1413 342 1449 cara
360 1411 458 1463 parens
476 1394 580 1448 donrito
597 1397 627 1446 te
644 1396 733 1462 poscit
751 1393 872 1463 Olympo.

122 1475 202 1526 l’inea
220 1473 286 1525 silva
303 1472 377 1537 mibi,
398 1471 497 1524 multos
515 1469 616 1522 dilecta
633 1487 684 1539 per
702 1487 800 1535 annos;
941 1483 966 1521 ss

120 1550 206 1603 Lucus
224 1549 251 1602 in
269 1565 331 1602 aree
349 1549 402 1602 fuit
420 1563 532 1614 summa,
551 1564 604 1614 qno
623 1563 700 1600 saera
718 1547 850 1615 ferebant,

118 1626 244 1693 Nigranti
261 1626 337 1694 picea
355 1623 535 1691 trabibusque
553 1623 684 1675 obscurus
702 1623 820 1677 acernis:

121 1703 177 1754 Has
195 1719 245 1769 ego
265 1701 402 1754 Dardanio
421 1700 518 1767 iuveni,
537 1717 598 1752 cum
618 1700 712 1753 classis
730 1703 831 1768 egeret,

121 1779 204 1831 Laeta
221 1778 300 1842 dedi;
318 1795 389 1830 nuno
408 1775 548 1830 sollicitem
567 1777 650 1828 timor
666 1777 762 1829 anxius
780 1777 861 1844 angit.

13 1847 15 1854 '
118 1854 196 1908 Solve
208 1859 305 1920 met-us,
313 1857 396 1922 atque
408 1854 458 1906 boe
470 1853 596 1922 precibus
604 1852 662 1905 sine
675 1869 754 1918 posse
764 1856 914 1920 parentem,
943 1867 967 1904 eo

120 1931 180 1983 Neu
196 1947 276 1983 cursu
294 1935 438 1999 quassatae
456 1929 512 1982 ullo
529 1946 583 1981 nou
600 1928 711 1982 turbine
729 1928 803 1980 venti

121 2007 286 2071 Vineantur;
303 2007 391 2075 prosit
408 2007 509 2058 uostris
527 2007 554 2057 in
573 2004 711 2057 montibus
729 2007 810 2057 ortas.

121 2082 204 2136 Filius
222 2082 284 2135 huie
302 2087 404 2149 contra,
423 2087 535 2150 torquet
553 2082 599 2150 qul
619 2081 710 2134 sidere
727 2080 837 2133 mundi:

119 2159 141 2209 0
159 2159 293 2226 genetrix,
312 2177 366 2228 quo
384 2159 442 2212 iata
459 2159 556 2212 vocas?
574 2161 623 2210 aut
641 2155 708 2224 quid
726 2157 799 2225 petis
816 2156 876 2210 istis
884 2159 893 2210 l

119 2235 263 2288 Mortaline
281 2252 362 2288 manu
380 2236 468 2289 factae
486 2234 629 2287 inmortale
647 2233 755 2286 carinae
944 2247 969 2284 as

120 2311 172 2363 Fas
190 2311 324 2365 habeant?
342 2317 490 2379 certusque
508 2311 613 2363 ineerta
630 2310 752 2377 pericula
768 2309 869 2362 lustret

120 2390 245 2441 Aeneas?
264 2389 306 2440 cui
325 2392 402 2441 tanta
422 2388 473 2440 deo
491 2386 624 2454 permissa
641 2387 781 2452 potestas?

121 2464 214 2524 Immo,
234 2463 279 2516 ubi
300 2464 445 2516 ‹lelunetae
463 2463 544 2514 finem
563 2465 714 2528 portusque
732 2461 865 2514 tenebunt

122 2540 255 2592 Ausonios
273 2540 345 2605 olim,
365 2553 553 2606 quaecumque
572 2537 690 2589 evaserit
707 2536 789 2588 undis

120 2617 341 2682 Dardaniumque
360 2615 454 2667 ducem
477 2612 625 2666 Laurentia
642 2611 749 2665 vexerit
766 2628 836 2674 arva
934 2628 970 2666 roo

119 2693 264 2745 llortalem
284 2692 397 2759 eripiam
414 2691 537 2754 sormam,
555 2688 701 2758 magnique
719 2687 819 2741 iubebo

120 2769 255 2836 Aequoris
274 2784 333 2822 csse
352 2767 426 2835 deas,
444 2765 533 2835 qualis
551 2765 652 2818 Nereia
670 2765 742 2818 Doto

120 2845 155 2897 lit
174 2844 289 2898 Galatea
307 2847 400 2897 secant
418 2845 589 2911 spumantem
607 2845 718 2910 pectore
736 2845 859 2910 pontum.

119 2921 241 2986 Dixerat,
259 2919 344 2987 idque
361 2923 452 2973 ratum
472 2918 558 2986 Stygii
577 2934 627 2987 per
645 2918 755 2971 flumina
772 2918 873 2986 t'ratris,

38 3033 42 3042 .
120 2997 173 3049 Per
191 2996 251 3065 pice
269 2995 401 3049 torrentis
419 3000 535 3062 atraque
552 2995 681 3062 voragine
699 2995 773 3062 ripas
936 3007 972 3046 ros

120 3073 235 3138 Adnuit,
253 3075 282 3125 et
299 3075 390 3134 totum
408 3079 475 3124 nutu
495 3071 649 3124 tremefecit
668 3070 820 3138 Olympum.

153 3149 227 3216 Ergo
245 3148 342 3202 aderat
361 3147 496 3216 promissa
513 3146 580 3213 dies,
600 3151 629 3200 et
647 3151 771 3214 tempora
790 3146 892 3198 Pareae

119 3223 220 3277 Debita
236 3225 409 3294 conplorent:
429 3239 489 3276 cum
508 3223 591 3275 'lurni
607 3222 705 3275 iniuria
724 3221 843 3274 Matrem
