2278 3568
411 153 593 202 AENEIDOS
611 153 681 202 LIB.
701 152 750 202 lv.
959 149 1003 197 157

152 232 344 302 Flaventisque
361 232 480 286 abscissa
497 251 595 301 eomes,
615 234 669 288 Pro
689 232 827 302 Iuppiter!
848 229 899 284 ibit
968 243 1011 296 see

151 309 212 376 llic,
231 309 278 375 uit,
296 313 325 363 et
342 309 444 363 nestris
461 310 586 365 inluserit
603 310 710 364 advena
728 310 835 378 regnis?

150 385 176 438 N
179 402 213 438 en
231 402 307 438 arma
324 386 480 454 expedient,
499 389 614 456 totaque
633 404 665 440 ex
685 386 754 440 urbe
772 388 931 454 sequentur,

151 461 350 531 Deripientque
368 467 443 520 rates
462 462 508 516 alii
525 463 683 516 navalibus?
721 463 774 530 Ite,

151 538 234 592 Ferte
252 537 299 590 citi
317 537 446 604 flammas,
466 539 532 592 date
550 540 613 608 teia,
632 539 755 608 inpellite
773 543 914 594 remost-
960 549 963 554 '

150 614 223 680 Quid
234 614 344 682 loquer?
357 619 406 668 aut
417 614 464 668 ubi
478 617 554 669 sirmi
568 615 644 680 Quae
657 620 778 670 mentem
787 616 891 670 insania
900 615 1005 670 mutati

151 691 250 744 Infelix
269 690 354 745 Dido!
376 708 447 744 nune
465 695 494 744 te
511 691 585 746 faeta
602 693 686 758 impia
704 694 839 760 tanguntt
969 706 1005 746 tae

149 768 218 820 'ium
236 767 335 836 decuit,
354 784 416 821 eum
435 771 545 836 sceptra
563 767 735 821 dabas—lin
753 769 854 822 dextra
872 767 1003 836 fidesque,

150 845 237 909 Quem
256 861 348 897 seeum
366 845 470 911 patrios
488 845 565 897 aiunt
583 848 695 912 portare
715 845 832 910 Penatis,

150 922 237 986 Quem
256 921 372 974 subiisse
390 920 510 973 humeris
529 921 683 974 consectum
701 925 792 975 aetate
814 924 956 990 parentem
965 924 1006 974 1-

149 997 211 1050 Nen
230 997 307 1064 potui
325 996 471 1064 abreptum
490 995 621 1050 divellere
639 1013 737 1065 eorpus
756 1001 785 1052 et
803 997 883 1050 undis
969 1011 1005 1050 eeu

149 1073 301 1142 spargeret
320 1089 373 1126 nen
392 1072 486 1140 socios,
505 1089 558 1126 nen
577 1074 666 1141 ipsum
684 1073 827 1128 absumere
845 1075 917 1126 ferro

151 1149 306 1216 Ascanium,
324 1149 476 1218 patriisque
494 1149 659 1218 epulandum
678 1167 779 1220 ponere
797 1151 942 1204 mensis?-

151 1227 255 1280 Verum
273 1243 372 1295 anceps
391 1243 497 1296 pugnae
516 1226 606 1282 fuerat
623 1227 899 1292 fortuna.-Fuisset;

150 1303 237 1368 Quem
256 1305 342 1357 metui
361 1303 509 1358 moritura?
546 1304 631 1358 Faces
650 1305 677 1358 in
696 1309 786 1358 eastra
803 1305 934 1369 tulissem,

150 1380 357 1450 Inplessemque
370 1381 443 1434 foros
456 1381 578 1447 flammis,
592 1385 741 1450 natumque
754 1386 916 1450 patremque
968 1394 1004 1433 ees

151 1457 218 1511 Cum
231 1475 331 1525 genere
345 1458 507 1520 exstinxern
527 1463 629 1512 memet
642 1475 725 1526 super
736 1459 795 1528 ipsa
808 1459 987 1512 dedissem.-

150 1534 203 1601 sol,
221 1535 268 1602 qui
287 1539 423 1588 terrarum
443 1535 557 1588 flammis
575 1551 658 1603 opera
676 1536 766 1588 omnia
784 1536 891 1602 lustras,

150 1609 246 1676 Tuque
264 1610 360 1662 hurum
378 1609 514 1678 interpres
532 1627 657 1662 curarum
676 1614 706 1664 et
724 1611 829 1664 conseia
848 1611 925 1675 Iuno,

150 1684 176 1737 N
178 1687 353 1754 octurnisque
374 1686 479 1738 llecate
498 1685 586 1738 triviis
603 1685 709 1739 ululata
726 1703 775 1754 per
793 1686 882 1752 urbes,

150 1761 188 1816 Et
206 1761 290 1815 Dirae
309 1761 428 1827 ultrices,
447 1765 477 1816 et
496 1761 525 1814 di
544 1762 685 1816 morientis
704 1763 814 1830 Elissae,
969 1775 1005 1814 rue

151 1839 276 1908 Accipite
296 1839 370 1905 haee,
390 1839 574 1907 meritumque
592 1837 670 1891 malis
688 1838 825 1892 advertite
843 1853 951 1903 numen,

151 1915 188 1968 Et
205 1920 313 1969 nostras
331 1915 426 1968 audite
444 1932 546 1984 preces.
584 1915 612 1968 Si
633 1918 745 1982 tangere
763 1919 859 1984 pertus

151 1992 297 2046 Infandum
315 1996 397 2060 caput
415 2009 447 2046 ae
464 1991 548 2046 terris
566 1992 669 2045 adurere
687 2008 797 2045 neeesse
814 1995 866 2060 est,

151 2068 187 2122 Et
206 2069 243 2122 sic
261 2070 318 2122 sata
338 2069 410 2121 Iovis
428 2072 552 2136 poscunt,
571 2068 615 2120 hie
633 2069 765 2120 terminus
784 2068 892 2122 haeret:

151 2146 192 2198 At
210 2146 282 2198 belle
300 2145 410 2198 auclacis
429 2143 521 2212 populi
539 2148 653 2196 vexatus
671 2148 700 2196 et
717 2143 806 2210 armis,
968 2155 1006 2195 att

151 2221 263 2274 Finibus
282 2221 406 2286 extorris,
424 2221 557 2287 conplexu
575 2219 682 2272 avolsus
702 2219 761 2284 Iuli,

151 2298 292 2353 Auxilium
311 2297 436 2364 inpleret,
455 2296 601 2364 videatque
620 2295 731 2363 indigna
747 2313 858 2350 suorum

152 2375 274 2446 Famerm
292 2390 348 2437 nec,
366 2389 427 2426 eum
445 2389 475 2426 se
493 2373 544 2425 sub
563 2371 637 2439 leges
655 2373 728 2440 pacis
746 2373 855 2442 iniquae

151 2451 315 2519 Tradiderit‚
334 2467 417 2518 regne
437 2455 484 2504 aut
503 2452 600 2518 optata
618 2449 677 2502 luce
695 2449 817 2516 frustum

152 2529 207 2582 Sed
220 2529 300 2582 cadat
312 2531 376 2582 ante
389 2527 460 2580 diem
476 2526 621 2596 mediaque
634 2527 789 2580 inhumatus
801 2544 892 2583 arena
968 2541 1004 2582 cae

153 2606 230 2659 Haec
243 2621 346 2673 precor,
354 2604 423 2657 hane
433 2620 527 2658 vocem
536 2609 687 2657 extremam
700 2620 762 2656 eum
772 2607 903 2672 sanguine
911 2605 1002 2658 fundo.

151 2681 220 2734 Tum
239 2698 294 2746 vos,
313 2698 329 2733 e
348 2681 428 2748 Tyrii,
448 2682 562 2748 stirpem
581 2685 610 2734 et
627 2697 714 2748 genus
732 2697 811 2734 omne
829 2682 952 2735 futurum

153 2758 288 2810 Exercete
306 2757 384 2822 odiis,
402 2757 541 2826 cinerique
559 2758 625 2810 haec
644 2757 746 2810 mittite
764 2761 857 2812 nostre

153 2833 275 2888 Munera.
313 2833 409 2886 Nullus
428 2850 503 2887 amer·
521 2835 635 2902 populis,
655 2851 705 2887 nec
723 2833 836 2888 foedera
853 2838 942 2889 eunte.

153 2909 283 2962 Exoriare
301 2909 399 2976 uliquis
418 2911 518 2962 nostris
538 2928 571 2963 ex
590 2911 696 2964 ossibus
714 2910 795 2976 ultor,
968 2923 1005 2964 aas

153 2987 205 3052 Qui
224 2987 282 3040 face
301 2984 453 3038 Dardanios
472 2987 599 3054 ferreque
619 3003 734 3056 sequare
751 2987 866 3051 colonos,

152 3062 240 3130 Nunc„
260 3063 331 3129 olim,
350 3077 521 3130 quecumque
539 3062 644 3118 dabunt
663 3081 692 3118 se
711 3067 835 3132 tempore
854 3062 932 3117 vires

154 3139 249 3194 Litore
266 3139 392 3194 litoribus
409 3139 552 3206 centraria,
571 3140 698 3194 fluetibus
716 3139 803 3194 undas

155 3217 293 3289 Inpreeen
311 3233 387 3272 arnse
404 3217 501 3283 armis;
519 3221 641 3288 pugnent
660 3218 765 3287 ipsique
782 3221 958 3286 nepotesque.
