2278 3568
430 146 612 195 AENEIDOS
629 147 698 196 LIB.
720 147 756 195 11.
974 153 1020 202 115

164 230 271 284 Limina
289 231 424 282 tectorum
443 230 472 280 et
490 227 610 280 medium
629 227 657 280 in
674 227 862 296 penetralibus
881 228 996 296 hostem,

166 309 253 360 Arma
271 305 319 357 diu
337 303 427 356 senior
446 303 561 356 desueta
578 304 760 358 trementibus
778 321 845 358 aevo

165 380 324 436 Circumdat
341 379 507 448 nequiquam
525 379 654 446 humeris,
673 385 702 434 et
720 381 816 435 inutile
833 381 937 435 ferrum
980 397 1017 437 515

166 458 297 526 Cingitur,
315 472 346 510 ac
364 454 463 508 densos
480 455 569 508 fertur
588 457 736 510 moriturus
754 458 782 510 in
800 457 894 511 hostis.

166 533 291 587 Aedibus
309 533 337 584 in
355 530 453 585 mediis
471 532 600 600 nudoque
620 532 670 586 sub
690 533 810 588 aetheris
829 551 880 588 axe

167 611 267 678 Ingens
286 626 333 662 ara
350 608 403 661 fuit
420 608 551 676 iuxtaque
570 611 716 664 veterrima
734 611 833 680 lamus,

168 687 331 740 incumbens
350 701 413 738 arae
431 688 514 754 atque
533 686 631 740 umbra
648 689 779 756 conplexa
798 688 915 743 Penatis.

169 763 222 818 llic
241 763 355 818 Hecuba
372 765 400 815 et
418 766 499 816 natae
518 765 684 832 nequiquam
704 766 800 818 altaria
818 767 927 833 circum,
987 779 1023 818 515

149 897 151 902 ,
168 839 333 908 Praecipites
352 842 413 892 atra
431 855 480 892 ceu
498 843 664 908 tempestate
683 841 829 908 columbae,

168 914 326 970 Condensae
345 919 374 968 et
392 914 482 968 divom
501 917 642 984 amplexae
661 917 803 970 simulacra
821 918 960 972 sedebant.

169 992 262 1061 Ipsum
281 994 373 1044 autern
392 992 506 1060 sumptis
527 993 663 1045 Priamum
682 993 849 1047 iuvenalibus
867 995 947 1047 armis

169 1068 209 1122 Ut
226 1068 302 1134 vidit,
323 1069 398 1132 Quae
416 1083 493 1120 mens
511 1071 568 1121 tem
587 1068 653 1135 dira,
673 1070 823 1123 miserrime
840 1070 964 1138 coniunx,

170 1145 273 1214 Inpulit
293 1145 334 1198 lris
353 1143 424 1212 cingi
442 1143 522 1198 telisl
540 1149 588 1198 aut
607 1162 661 1214 quo
680 1145 752 1199 ruisl
771 1146 867 1214 inquit.
988 1161 1024 1199 555

170 1220 193 1274 N
197 1239 232 1275 on
250 1221 298 1275 tali
315 1221 414 1274 auxilio
432 1237 482 1274 nec
500 1221 688 1276 defensoribus
705 1223 766 1276 istis

171 1299 288 1368 Tempus
307 1303 384 1366 eget;
403 1316 464 1365 non,
484 1299 506 1351 si
525 1299 583 1367 ipse
601 1316 677 1352 meus
696 1316 767 1353 nunc
785 1299 894 1353 adforet
914 1299 1024 1351 Hector.

172 1375 235 1429 Huc
252 1375 364 1428 tandem
383 1375 515 1440 concode;
534 1375 600 1429 hacc
619 1393 665 1428 are
684 1377 808 1430 tuebitur
826 1377 922 1442 omnis,

173 1453 230 1505 Aut
247 1452 363 1504 moriere
381 1451 466 1504 simul.
506 1452 549 1506 Sic
568 1469 614 1505 ore
634 1452 716 1506 effata
734 1452 838 1520 recepit

172 1528 219 1582 Ad
236 1545 296 1581 sese
315 1532 344 1582 ct
362 1544 438 1580 sacra
455 1529 616 1595 longaevum
634 1529 662 1580 in
681 1529 746 1581 sede
765 1529 869 1581 locavit.
989 1542 1026 1581 555

207 1605 275 1658 Ecce
293 1607 384 1658 autem
403 1605 510 1672 elapsus
530 1604 627 1672 Pyrrhi
645 1604 679 1658 de
700 1604 784 1657 caede
805 1605 912 1672 Polites,

172 1682 249 1736 Unus
267 1685 392 1735 natorum
413 1680 520 1740 Priami,
538 1697 587 1748 per
605 1680 669 1746 tela,
688 1698 738 1749 per
756 1681 842 1734 hostis

174 1758 326 1812 Porticibus
344 1756 430 1826 longis
448 1757 524 1825 fugit,
544 1760 572 1810 et
590 1773 675 1810 vacua
693 1758 763 1810 atria
781 1757 881 1810 lustrat

173 1836 295 1890 Saucius:
313 1835 388 1888 illum
408 1836 506 1889 ardens
523 1835 622 1888 infesto
640 1834 749 1888 volucre
769 1833 889 1902 Pyrrhus

174 1912 338 1979 Insequitur,
350 1912 403 1964 iam
416 1913 524 1979 iamque
537 1928 617 1963 manu
630 1915 708 1964 tenet
721 1915 749 1965 et
761 1910 863 1980 premit
875 1910 967 1966 hasta:
991 1926 1028 1964 555

173 1989 212 2042 Ut
230 1988 342 2042 tandem
361 1992 425 2042 ante
443 1987 534 2041 oculos
553 1988 639 2041 evasit
658 1991 687 2040 et
705 2005 753 2040 ora
770 1991 924 2056 pareutum,

174 2065 305 2130 Concidit,
324 2081 355 2117 ac
373 2063 459 2116 multo
477 2063 561 2115 vitam
580 2079 642 2116 curn
661 2063 791 2130 sanguine
810 2063 888 2116 fudit.

175 2141 228 2194 Hic
247 2140 378 2205 Priamus,
396 2153 560 2205 quamquam
579 2137 606 2188 in
624 2136 715 2190 inedie
732 2139 786 2190 iam
803 2143 892 2190 morte
909 2141 1027 2202 tenetur,

174 2217 235 2270 Non
253 2218 344 2266 tamen
362 2212 502 2276 abstinuit,
521 2229 571 2264 nec
589 2213 647 2265 uoci
665 2213 777 2280 iraeque
796 2214 932 2280 pepercit:

176 2295 215 2345 At
233 2289 284 2343 tibi
301 2305 351 2356 pro
369 2288 478 2352 scelere,
498 2287 637 2354 exclamat,
657 2303 706 2356 pro
724 2288 824 2342 talibus
841 2289 920 2356 ausis,
994 2305 1029 2344 555

176 2369 217 2433 Di,
236 2367 259 2418 si
277 2382 331 2433 qua
349 2368 391 2420 est
409 2364 483 2418 caelo
501 2363 595 2432 pietas,
616 2381 686 2434 quae
704 2364 770 2418 talia
788 2368 873 2432 curet,

177 2442 335 2496 Persolvant
352 2446 445 2510 grates
464 2441 560 2509 dignas
578 2445 607 2495 et
625 2441 746 2510 praemia
763 2441 881 2496 reddant

177 2518 283 2586 Debita,
302 2520 347 2587 qui
366 2519 423 2572 nati
441 2535 532 2572 coram
550 2535 594 2571 me
613 2535 724 2572 cernere
743 2518 828 2572 letum

178 2595 278 2649 Fecisti
295 2599 323 2649 51
340 2596 443 2664 patrios
460 2594 578 2648 foedasti
596 2595 692 2648 funere
710 2595 805 2648 voltus.

178 2674 218 2724 At
235 2687 288 2723 non
305 2672 359 2737 illo,
378 2677 466 2725 satum
486 2688 539 2740 quo
557 2675 586 2725 te
605 2671 735 2738 mentiris,
755 2671 877 2724 Achilles
997 2686 1033 2725 su>

178 2746 250 2800 Talis
267 2747 294 2800 in
312 2747 393 2800 hoste
409 2747 462 2801 fuit
481 2747 605 2811 Priem0;
623 2746 672 2800 sed
689 2748 748 2800 iura
767 2747 905 2815 fidemque

178 2822 310 2890 Supplicia
328 2822 444 2889 erubuit,
463 2839 616 2892 corpusque
634 2839 771 2891 exsangue
790 2823 933 2892 sepulchro

179 2898 311 2952 Reddidit
331 2899 505 2965 Hectoreum,
523 2915 622 2966 meque
640 2899 668 2951 in
685 2916 747 2952 mea
765 2917 849 2966 regna
867 2901 978 2954 remisit.

179 2975 224 3030 Sic
241 2975 313 3029 latus
332 2975 428 3042 senior,
447 2975 588 3042 telumque
605 2974 705 3028 inbelle
723 2977 781 3029 sine
799 2977 856 3028 ictu

179 3052 309 3119 Coniecit,
327 3067 408 3105 rauco
426 3050 501 3120 quod
517 3050 642 3118 protinus
660 3068 722 3105 aere
740 3052 877 3120 repulsum
997 3066 1034 3104 515

3 3175 4 3184 ,
101 3178 103 3184 ,
180 3129 216 3182 Et
234 3145 339 3182 summo
357 3128 436 3197 clipei
453 3127 617 3196 nequiquam
635 3127 752 3180 umbone
770 3128 906 3196 pependit.

185 3204 231 3258 cui
250 3205 383 3324 Pprrhus:
403 3205 518 3259 Referes
536 3221 601 3272 ergo
619 3203 686 3257 haec
704 3207 732 3258 et
750 3203 861 3257 nuntius
878 3203 930 3257 ibis
