<?xml version="1.0" encoding="UTF-8"?>
<!DOCTYPE html PUBLIC "-//W3C//DTD XHTML 1.0 Transitional//EN"
    "http://www.w3.org/TR/xhtml1/DTD/xhtml1-transitional.dtd">
<html xmlns="http://www.w3.org/1999/xhtml" xml:lang="en" lang="en">
 <head>
  <title>
</title>
<meta http-equiv="Content-Type" content="text/html;charset=utf-8" />
  <meta name='ocr-system' content='tesseract 3.04.00' />
  <meta name='ocr-capabilities' content='ocr_page ocr_carea ocr_par ocr_line ocrx_word'/>
</head>
<body>
  <div class='ocr_page' id='page_1' title='image "./operaexrecensio01virggoog_0114.png"; bbox 0 0 2278 3568; ppageno 0'>
   <div class='ocr_carea' id='block_1_1' title="bbox 402 170 991 221">
    <p class='ocr_par' dir='ltr' id='par_1_1' title="bbox 402 170 991 221">
     <span class='ocr_line' id='line_1_1' title="bbox 402 170 991 221; baseline 0 -2"><span class='ocrx_word' id='word_1_1' title='bbox 402 171 585 221; x_wconf 78' lang='lat' dir='ltr'>AENEIDOS</span> <span class='ocrx_word' id='word_1_2' title='bbox 603 171 670 220; x_wconf 89' lang='lat' dir='ltr'>LIB.</span> <span class='ocrx_word' id='word_1_3' title='bbox 690 170 728 219; x_wconf 88' lang='grc' dir='ltr'>ΙΙ,</span> <span class='ocrx_word' id='word_1_4' title='bbox 945 172 991 220; x_wconf 84' lang='grc'>103</span> 
     </span>
    </p>
   </div>
   <div class='ocr_carea' id='block_1_2' title="bbox 133 251 991 3302">
    <p class='ocr_par' dir='ltr' id='par_1_2' title="bbox 133 251 991 3302">
     <span class='ocr_line' id='line_1_2' title="bbox 137 251 818 321; baseline -0.003 -15"><span class='ocrx_word' id='word_1_5' title='bbox 137 251 326 321; x_wconf 86' lang='lat' dir='ltr'>Desertosque</span> <span class='ocrx_word' id='word_1_6' title='bbox 344 253 439 306; x_wconf 83' lang='lat' dir='ltr'>videre</span> <span class='ocrx_word' id='word_1_7' title='bbox 457 252 529 305; x_wconf 90' lang='lat' dir='ltr'>locos</span> <span class='ocrx_word' id='word_1_8' title='bbox 547 252 667 320; x_wconf 90' lang='lat' dir='ltr'>litusque</span> <span class='ocrx_word' id='word_1_9' title='bbox 685 251 818 305; x_wconf 88' lang='lat' dir='ltr'>relietum.</span> 
     </span>
     <span class='ocr_line' id='line_1_3' title="bbox 139 327 950 396; baseline -0.001 -14"><span class='ocrx_word' id='word_1_10' title='bbox 139 330 192 382; x_wconf 89' lang='grc'><strong>1111</strong></span> <span class='ocrx_word' id='word_1_11' title='bbox 212 329 347 396; x_wconf 87' lang='lat' dir='ltr'>Dolopum</span> <span class='ocrx_word' id='word_1_12' title='bbox 364 345 468 394; x_wconf 88' lang='lat' dir='ltr'>manus,</span> <span class='ocrx_word' id='word_1_13' title='bbox 487 329 530 380; x_wconf 89' lang='lat' dir='ltr'>hie</span> <span class='ocrx_word' id='word_1_14' title='bbox 548 345 644 381; x_wconf 84' lang='lat' dir='ltr'>saevus</span> <span class='ocrx_word' id='word_1_15' title='bbox 662 327 796 382; x_wconf 87' lang='lat' dir='ltr'>tendebat</span> <span class='ocrx_word' id='word_1_16' title='bbox 815 327 950 392; x_wconf 61' lang='lat' dir='ltr'>Achillem</span> 
     </span>
     <span class='ocr_line' id='line_1_4' title="bbox 137 404 991 469; baseline 0 -11"><span class='ocrx_word' id='word_1_17' title='bbox 137 405 277 458; x_wconf 76' lang='lat' dir='ltr'>Classibus</span> <span class='ocrx_word' id='word_1_18' title='bbox 296 405 340 458; x_wconf 91' lang='grc'><strong>1111</strong></span> <span class='ocrx_word' id='word_1_19' title='bbox 357 405 447 469; x_wconf 87' lang='lat' dir='ltr'>locus;</span> <span class='ocrx_word' id='word_1_20' title='bbox 467 404 511 457; x_wconf 91' lang='lat' dir='ltr'>hie</span> <span class='ocrx_word' id='word_1_21' title='bbox 528 405 585 457; x_wconf 90' lang='lat' dir='ltr'>acie</span> <span class='ocrx_word' id='word_1_22' title='bbox 604 409 710 458; x_wconf 87' lang='lat' dir='ltr'>certare</span> <span class='ocrx_word' id='word_1_23' title='bbox 729 405 860 458; x_wconf 85' lang='lat' dir='ltr'>solebant.</span> <span class='ocrx_word' id='word_1_24' title='bbox 967 418 991 458; x_wconf 80' lang='lat' dir='ltr'>so</span> 
     </span>
     <span class='ocr_line' id='line_1_5' title="bbox 137 480 879 550; baseline -0.001 -15"><span class='ocrx_word' id='word_1_25' title='bbox 137 480 205 535; x_wconf 90' lang='lat' dir='ltr'>Pars</span> <span class='ocrx_word' id='word_1_26' title='bbox 224 485 319 550; x_wconf 86' lang='lat' dir='ltr'>stupet</span> <span class='ocrx_word' id='word_1_27' title='bbox 338 482 470 550; x_wconf 78' lang='lat' dir='ltr'>innuptae</span> <span class='ocrx_word' id='word_1_28' title='bbox 490 481 591 534; x_wconf 87' lang='lat' dir='ltr'>donum</span> <span class='ocrx_word' id='word_1_29' title='bbox 610 482 720 534; x_wconf 80' lang='lat' dir='ltr'>exitiale</span> <span class='ocrx_word' id='word_1_30' title='bbox 739 482 879 534; x_wconf 83' lang='lat' dir='ltr'>Minervae</span> 
     </span>
     <span class='ocr_line' id='line_1_6' title="bbox 136 557 899 626; baseline 0 -16"><span class='ocrx_word' id='word_1_31' title='bbox 136 557 174 610; x_wconf 83' lang='lat' dir='ltr'>lit</span> <span class='ocrx_word' id='word_1_32' title='bbox 191 559 291 610; x_wconf 89' lang='lat' dir='ltr'>molem</span> <span class='ocrx_word' id='word_1_33' title='bbox 310 559 444 610; x_wconf 90' lang='lat' dir='ltr'>mirantur</span> <span class='ocrx_word' id='word_1_34' title='bbox 462 559 540 624; x_wconf 84' lang='lat' dir='ltr'>equi:</span> <span class='ocrx_word' id='word_1_35' title='bbox 560 557 718 626; x_wconf 87' lang='lat' dir='ltr'>primusque</span> <span class='ocrx_word' id='word_1_36' title='bbox 737 558 899 625; x_wconf 78' lang='lat' dir='ltr'>Thymoetes</span> 
     </span>
     <span class='ocr_line' id='line_1_7' title="bbox 136 633 786 700; baseline 0 -14"><span class='ocrx_word' id='word_1_37' title='bbox 136 633 206 687; x_wconf 88' lang='lat' dir='ltr'>Duoi</span> <span class='ocrx_word' id='word_1_38' title='bbox 224 635 296 687; x_wconf 88' lang='lat' dir='ltr'>intra</span> <span class='ocrx_word' id='word_1_39' title='bbox 315 651 407 687; x_wconf 90' lang='lat' dir='ltr'>muros</span> <span class='ocrx_word' id='word_1_40' title='bbox 425 634 551 688; x_wconf 89' lang='lat' dir='ltr'>hortatur</span> <span class='ocrx_word' id='word_1_41' title='bbox 569 638 599 696; x_wconf 84' lang='lat' dir='ltr'>et</span> <span class='ocrx_word' id='word_1_42' title='bbox 616 652 678 687; x_wconf 90' lang='lat' dir='ltr'>arce</span> <span class='ocrx_word' id='word_1_43' title='bbox 697 635 786 700; x_wconf 85' lang='lat' dir='ltr'>locari,</span> 
     </span>
     <span class='ocr_line' id='line_1_8' title="bbox 136 710 825 775; baseline -0.001 -11"><span class='ocrx_word' id='word_1_44' title='bbox 136 711 199 764; x_wconf 79' lang='lat' dir='ltr'>Sive</span> <span class='ocrx_word' id='word_1_45' title='bbox 217 711 287 775; x_wconf 88' lang='lat' dir='ltr'>doio,</span> <span class='ocrx_word' id='word_1_46' title='bbox 307 727 356 763; x_wconf 90' lang='lat' dir='ltr'>seu</span> <span class='ocrx_word' id='word_1_47' title='bbox 373 711 426 764; x_wconf 85' lang='lat' dir='ltr'>iam</span> <span class='ocrx_word' id='word_1_48' title='bbox 447 711 542 763; x_wconf 82' lang='lat' dir='ltr'>Troiae</span> <span class='ocrx_word' id='word_1_49' title='bbox 562 711 599 763; x_wconf 79' lang='lat' dir='ltr'>sie</span> <span class='ocrx_word' id='word_1_50' title='bbox 618 711 676 763; x_wconf 84' lang='lat' dir='ltr'>iata</span> <span class='ocrx_word' id='word_1_51' title='bbox 693 710 825 764; x_wconf 87' lang='lat' dir='ltr'>ferebant.</span> 
     </span>
     <span class='ocr_line' id='line_1_9' title="bbox 139 787 989 855; baseline 0.004 -16"><span class='ocrx_word' id='word_1_52' title='bbox 139 789 177 840; x_wconf 86' lang='lat' dir='ltr'>At</span> <span class='ocrx_word' id='word_1_53' title='bbox 196 787 291 855; x_wconf 77' lang='lat' dir='ltr'>Capye,</span> <span class='ocrx_word' id='word_1_54' title='bbox 310 791 339 839; x_wconf 92' lang='lat' dir='ltr'>et</span> <span class='ocrx_word' id='word_1_55' title='bbox 357 804 473 855; x_wconf 92' lang='lat' dir='ltr'>quorum</span> <span class='ocrx_word' id='word_1_56' title='bbox 492 787 588 842; x_wconf 90' lang='lat' dir='ltr'>melior</span> <span class='ocrx_word' id='word_1_57' title='bbox 607 788 744 840; x_wconf 87' lang='lat' dir='ltr'>sententia</span> <span class='ocrx_word' id='word_1_58' title='bbox 761 787 855 852; x_wconf 88' lang='lat' dir='ltr'>menti,</span> <span class='ocrx_word' id='word_1_59' title='bbox 965 803 989 842; x_wconf 80' lang='lat' dir='ltr'>so</span> 
     </span>
     <span class='ocr_line' id='line_1_10' title="bbox 136 862 877 931; baseline 0 -15"><span class='ocrx_word' id='word_1_60' title='bbox 136 864 196 916; x_wconf 75' lang='lat' dir='ltr'>nur</span> <span class='ocrx_word' id='word_1_61' title='bbox 214 864 311 931; x_wconf 81' lang='lat' dir='ltr'>pelago</span> <span class='ocrx_word' id='word_1_62' title='bbox 330 863 455 914; x_wconf 87' lang='lat' dir='ltr'>Danaum</span> <span class='ocrx_word' id='word_1_63' title='bbox 475 862 588 914; x_wconf 87' lang='lat' dir='ltr'>insidias</span> <span class='ocrx_word' id='word_1_64' title='bbox 607 867 788 930; x_wconf 81' lang='lat' dir='ltr'>suspectaque</span> <span class='ocrx_word' id='word_1_65' title='bbox 807 863 877 916; x_wconf 84' lang='lat' dir='ltr'>dona</span> 
     </span>
     <span class='ocr_line' id='line_1_11' title="bbox 136 938 882 1008; baseline -0.003 -16"><span class='ocrx_word' id='word_1_66' title='bbox 136 939 321 1008; x_wconf 85' lang='lat' dir='ltr'>Praecipitare</span> <span class='ocrx_word' id='word_1_67' title='bbox 339 939 442 1005; x_wconf 89' lang='lat' dir='ltr'>iubent,</span> <span class='ocrx_word' id='word_1_68' title='bbox 462 938 646 1006; x_wconf 82' lang='lat' dir='ltr'>subiectisque</span> <span class='ocrx_word' id='word_1_69' title='bbox 665 955 745 990; x_wconf 89' lang='lat' dir='ltr'>urere</span> <span class='ocrx_word' id='word_1_70' title='bbox 762 938 882 1005; x_wconf 86' lang='lat' dir='ltr'>flammis,</span> 
     </span>
     <span class='ocr_line' id='line_1_12' title="bbox 135 1015 887 1083; baseline 0.004 -16"><span class='ocrx_word' id='word_1_71' title='bbox 135 1019 193 1070; x_wconf 88' lang='lat' dir='ltr'>Aut</span> <span class='ocrx_word' id='word_1_72' title='bbox 212 1016 354 1070; x_wconf 84' lang='lat' dir='ltr'>terebrare</span> <span class='ocrx_word' id='word_1_73' title='bbox 372 1032 451 1068; x_wconf 87' lang='lat' dir='ltr'>cavas</span> <span class='ocrx_word' id='word_1_74' title='bbox 469 1015 542 1067; x_wconf 88' lang='lat' dir='ltr'>uteri</span> <span class='ocrx_word' id='word_1_75' title='bbox 561 1019 589 1068; x_wconf 86' lang='lat' dir='ltr'>et</span> <span class='ocrx_word' id='word_1_76' title='bbox 608 1019 745 1083; x_wconf 87' lang='lat' dir='ltr'>temptare</span> <span class='ocrx_word' id='word_1_77' title='bbox 763 1015 887 1070; x_wconf 78' lang='lat' dir='ltr'>latebras</span> 
     </span>
     <span class='ocr_line' id='line_1_13' title="bbox 134 1091 857 1160; baseline 0.003 -16"><span class='ocrx_word' id='word_1_78' title='bbox 134 1091 274 1146; x_wconf 82' lang='lat' dir='ltr'>Scinditur</span> <span class='ocrx_word' id='word_1_79' title='bbox 292 1093 427 1146; x_wconf 88' lang='lat' dir='ltr'>incertum</span> <span class='ocrx_word' id='word_1_80' title='bbox 446 1092 537 1146; x_wconf 88' lang='lat' dir='ltr'>studia</span> <span class='ocrx_word' id='word_1_81' title='bbox 555 1093 583 1144; x_wconf 92' lang='lat' dir='ltr'>in</span> <span class='ocrx_word' id='word_1_82' title='bbox 602 1092 738 1145; x_wconf 89' lang='lat' dir='ltr'>contraria</span> <span class='ocrx_word' id='word_1_83' title='bbox 756 1092 857 1160; x_wconf 77' lang='lat' dir='ltr'>volgus.</span> 
     </span>
     <span class='ocr_line' id='line_1_14' title="bbox 169 1168 989 1236; baseline 0 -16"><span class='ocrx_word' id='word_1_84' title='bbox 169 1168 277 1222; x_wconf 86' lang='lat' dir='ltr'>Primus</span> <span class='ocrx_word' id='word_1_85' title='bbox 295 1169 333 1222; x_wconf 90' lang='lat' dir='ltr'>ibi</span> <span class='ocrx_word' id='word_1_86' title='bbox 352 1173 416 1222; x_wconf 89' lang='lat' dir='ltr'>ante</span> <span class='ocrx_word' id='word_1_87' title='bbox 435 1169 529 1233; x_wconf 88' lang='lat' dir='ltr'>omnis,</span> <span class='ocrx_word' id='word_1_88' title='bbox 548 1186 646 1236; x_wconf 83' lang='lat' dir='ltr'>magna</span> <span class='ocrx_word' id='word_1_89' title='bbox 664 1169 812 1222; x_wconf 84' lang='lat' dir='ltr'>eomitante</span> <span class='ocrx_word' id='word_1_90' title='bbox 830 1171 947 1235; x_wconf 82' lang='lat' dir='ltr'>caterva,</span> <span class='ocrx_word' id='word_1_91' title='bbox 965 1183 989 1221; x_wconf 76' lang='lat' dir='ltr'>ro</span> 
     </span>
     <span class='ocr_line' id='line_1_15' title="bbox 134 1244 780 1314; baseline 0.003 -18"><span class='ocrx_word' id='word_1_92' title='bbox 134 1244 257 1298; x_wconf 84' lang='lat' dir='ltr'>Laocoon</span> <span class='ocrx_word' id='word_1_93' title='bbox 276 1245 376 1298; x_wconf 87' lang='lat' dir='ltr'>ardens</span> <span class='ocrx_word' id='word_1_94' title='bbox 395 1263 501 1298; x_wconf 90' lang='lat' dir='ltr'>summa</span> <span class='ocrx_word' id='word_1_95' title='bbox 519 1246 641 1298; x_wconf 86' lang='lat' dir='ltr'>decurrit</span> <span class='ocrx_word' id='word_1_96' title='bbox 659 1244 693 1297; x_wconf 87' lang='lat' dir='ltr'>ab</span> <span class='ocrx_word' id='word_1_97' title='bbox 712 1263 780 1314; x_wconf 87' lang='lat' dir='ltr'>arce,</span> 
     </span>
     <span class='ocr_line' id='line_1_16' title="bbox 134 1321 882 1390; baseline 0.003 -16"><span class='ocrx_word' id='word_1_98' title='bbox 134 1321 171 1374; x_wconf 82' lang='lat' dir='ltr'>Et</span> <span class='ocrx_word' id='word_1_99' title='bbox 187 1322 295 1390; x_wconf 84' lang='lat' dir='ltr'>procul:</span> <span class='ocrx_word' id='word_1_100' title='bbox 317 1321 340 1374; x_wconf 91' lang='lat' dir='ltr'>O</span> <span class='ocrx_word' id='word_1_101' title='bbox 360 1323 459 1390; x_wconf 84' lang='lat' dir='ltr'>miseri,</span> <span class='ocrx_word' id='word_1_102' title='bbox 479 1340 549 1390; x_wconf 87' lang='lat' dir='ltr'>quae</span> <span class='ocrx_word' id='word_1_103' title='bbox 567 1327 645 1377; x_wconf 88' lang='lat' dir='ltr'>tanta</span> <span class='ocrx_word' id='word_1_104' title='bbox 664 1323 775 1390; x_wconf 88' lang='lat' dir='ltr'>insania,</span> <span class='ocrx_word' id='word_1_105' title='bbox 794 1323 882 1376; x_wconf 83' lang='lat' dir='ltr'>civesi</span> 
     </span>
     <span class='ocr_line' id='line_1_17' title="bbox 133 1397 771 1468; baseline 0.002 -17"><span class='ocrx_word' id='word_1_106' title='bbox 133 1397 253 1451; x_wconf 81' lang='lat' dir='ltr'>Creditis</span> <span class='ocrx_word' id='word_1_107' title='bbox 272 1401 382 1451; x_wconf 88' lang='lat' dir='ltr'>avectos</span> <span class='ocrx_word' id='word_1_108' title='bbox 401 1399 504 1452; x_wconf 74' lang='grc'><strong>11111111</strong></span> <span class='ocrx_word' id='word_1_109' title='bbox 527 1404 575 1452; x_wconf 91' lang='lat' dir='ltr'>aut</span> <span class='ocrx_word' id='word_1_110' title='bbox 593 1401 648 1452; x_wconf 88' lang='lat' dir='ltr'>ulla</span> <span class='ocrx_word' id='word_1_111' title='bbox 666 1399 771 1468; x_wconf 87' lang='lat' dir='ltr'>putatis</span> 
     </span>
     <span class='ocr_line' id='line_1_18' title="bbox 133 1473 863 1529; baseline 0.003 -3"><span class='ocrx_word' id='word_1_112' title='bbox 133 1473 211 1526; x_wconf 86' lang='lat' dir='ltr'>Dona</span> <span class='ocrx_word' id='word_1_113' title='bbox 229 1491 322 1527; x_wconf 84' lang='lat' dir='ltr'>carere</span> <span class='ocrx_word' id='word_1_114' title='bbox 341 1475 411 1528; x_wconf 91' lang='lat' dir='ltr'>dolis</span> <span class='ocrx_word' id='word_1_115' title='bbox 430 1475 572 1529; x_wconf 72' lang='lat' dir='ltr'>Danaum?</span> <span class='ocrx_word' id='word_1_116' title='bbox 595 1477 632 1529; x_wconf 89' lang='lat' dir='ltr'>sic</span> <span class='ocrx_word' id='word_1_117' title='bbox 650 1479 731 1529; x_wconf 90' lang='lat' dir='ltr'>notus</span> <span class='ocrx_word' id='word_1_118' title='bbox 751 1476 863 1529; x_wconf 80' lang='lat' dir='ltr'>Ulixesi</span> 
     </span>
     <span class='ocr_line' id='line_1_19' title="bbox 133 1550 988 1618; baseline 0.005 -16"><span class='ocrx_word' id='word_1_119' title='bbox 133 1552 193 1602; x_wconf 85' lang='lat' dir='ltr'>Aut</span> <span class='ocrx_word' id='word_1_120' title='bbox 212 1550 263 1604; x_wconf 92' lang='lat' dir='ltr'>hoe</span> <span class='ocrx_word' id='word_1_121' title='bbox 281 1551 377 1603; x_wconf 86' lang='lat' dir='ltr'>inclusi</span> <span class='ocrx_word' id='word_1_122' title='bbox 396 1551 470 1618; x_wconf 86' lang='lat' dir='ltr'>ligno</span> <span class='ocrx_word' id='word_1_123' title='bbox 489 1552 660 1605; x_wconf 88' lang='lat' dir='ltr'>occultantur</span> <span class='ocrx_word' id='word_1_124' title='bbox 680 1552 785 1618; x_wconf 82' lang='lat' dir='ltr'>Achivi,</span> <span class='ocrx_word' id='word_1_125' title='bbox 963 1567 988 1606; x_wconf 78' lang='lat'>4⁵</span> 
     </span>
     <span class='ocr_line' id='line_1_20' title="bbox 135 1626 913 1681; baseline 0.003 -3"><span class='ocrx_word' id='word_1_126' title='bbox 135 1629 192 1679; x_wconf 87' lang='lat' dir='ltr'>Aut</span> <span class='ocrx_word' id='word_1_127' title='bbox 211 1626 277 1680; x_wconf 85' lang='grc'><strong>11111</strong></span> <span class='ocrx_word' id='word_1_128' title='bbox 295 1628 322 1679; x_wconf 90' lang='lat' dir='ltr'>in</span> <span class='ocrx_word' id='word_1_129' title='bbox 340 1632 448 1680; x_wconf 87' lang='lat' dir='ltr'>nostros</span> <span class='ocrx_word' id='word_1_130' title='bbox 466 1627 601 1681; x_wconf 88' lang='lat' dir='ltr'>fabricata</span> <span class='ocrx_word' id='word_1_131' title='bbox 620 1631 662 1681; x_wconf 89' lang='lat' dir='ltr'>est</span> <span class='ocrx_word' id='word_1_132' title='bbox 680 1628 804 1680; x_wconf 87' lang='lat' dir='ltr'>machina</span> <span class='ocrx_word' id='word_1_133' title='bbox 821 1643 913 1680; x_wconf 87' lang='lat' dir='ltr'>muros</span> 
     </span>
     <span class='ocr_line' id='line_1_21' title="bbox 135 1703 821 1772; baseline 0.003 -18"><span class='ocrx_word' id='word_1_134' title='bbox 135 1703 295 1770; x_wconf 84' lang='lat' dir='ltr'>inspectura</span> <span class='ocrx_word' id='word_1_135' title='bbox 314 1705 409 1756; x_wconf 86' lang='lat' dir='ltr'>domos</span> <span class='ocrx_word' id='word_1_136' title='bbox 427 1708 595 1772; x_wconf 89' lang='lat' dir='ltr'>venturaque</span> <span class='ocrx_word' id='word_1_137' title='bbox 615 1704 733 1771; x_wconf 85' lang='lat' dir='ltr'>desuper</span> <span class='ocrx_word' id='word_1_138' title='bbox 751 1704 821 1769; x_wconf 89' lang='lat' dir='ltr'>urbi,</span> 
     </span>
     <span class='ocr_line' id='line_1_22' title="bbox 134 1779 908 1849; baseline 0 -17"><span class='ocrx_word' id='word_1_139' title='bbox 134 1781 193 1832; x_wconf 83' lang='lat' dir='ltr'>Aut</span> <span class='ocrx_word' id='word_1_140' title='bbox 212 1780 309 1848; x_wconf 88' lang='lat' dir='ltr'>aliquis</span> <span class='ocrx_word' id='word_1_141' title='bbox 328 1781 397 1834; x_wconf 88' lang='lat' dir='ltr'>latet</span> <span class='ocrx_word' id='word_1_142' title='bbox 416 1797 492 1833; x_wconf 88' lang='lat' dir='ltr'>error</span> <span class='ocrx_word' id='word_1_143' title='bbox 503 1802 509 1845; x_wconf 90' lang='lat'>;</span> <span class='ocrx_word' id='word_1_144' title='bbox 529 1798 599 1849; x_wconf 93' lang='lat' dir='ltr'>equo</span> <span class='ocrx_word' id='word_1_145' title='bbox 618 1798 653 1833; x_wconf 89' lang='lat' dir='ltr'>ne</span> <span class='ocrx_word' id='word_1_146' title='bbox 671 1781 783 1847; x_wconf 89' lang='lat' dir='ltr'>credite,</span> <span class='ocrx_word' id='word_1_147' title='bbox 804 1779 908 1833; x_wconf 82' lang='lat' dir='ltr'>Teucri.</span> 
     </span>
     <span class='ocr_line' id='line_1_23' title="bbox 135 1854 897 1924; baseline 0.005 -18"><span class='ocrx_word' id='word_1_148' title='bbox 135 1854 274 1924; x_wconf 83' lang='lat' dir='ltr'>Quidquid</span> <span class='ocrx_word' id='word_1_149' title='bbox 293 1857 322 1908; x_wconf 90' lang='lat' dir='ltr'>id</span> <span class='ocrx_word' id='word_1_150' title='bbox 341 1862 391 1924; x_wconf 88' lang='lat' dir='ltr'>est,</span> <span class='ocrx_word' id='word_1_151' title='bbox 410 1858 493 1910; x_wconf 90' lang='lat' dir='ltr'>timeo</span> <span class='ocrx_word' id='word_1_152' title='bbox 513 1858 621 1910; x_wconf 88' lang='lat' dir='ltr'>Danaos</span> <span class='ocrx_word' id='word_1_153' title='bbox 640 1865 668 1910; x_wconf 91' lang='lat' dir='ltr'>et</span> <span class='ocrx_word' id='word_1_154' title='bbox 687 1857 759 1910; x_wconf 90' lang='lat' dir='ltr'>dona</span> <span class='ocrx_word' id='word_1_155' title='bbox 777 1857 897 1910; x_wconf 83' lang='lat' dir='ltr'>ferentis.</span> 
     </span>
     <span class='ocr_line' id='line_1_24' title="bbox 134 1931 987 2001; baseline 0.004 -18"><span class='ocrx_word' id='word_1_156' title='bbox 134 1931 178 1984; x_wconf 87' lang='lat' dir='ltr'>Sie</span> <span class='ocrx_word' id='word_1_157' title='bbox 196 1933 268 1985; x_wconf 82' lang='lat' dir='ltr'>fatus</span> <span class='ocrx_word' id='word_1_158' title='bbox 286 1934 383 1987; x_wconf 73' lang='lat' dir='ltr'>ualidis</span> <span class='ocrx_word' id='word_1_159' title='bbox 401 1935 541 2001; x_wconf 82' lang='lat' dir='ltr'>ingentem</span> <span class='ocrx_word' id='word_1_160' title='bbox 559 1935 663 1988; x_wconf 90' lang='lat' dir='ltr'>viribus</span> <span class='ocrx_word' id='word_1_161' title='bbox 682 1935 789 1988; x_wconf 85' lang='lat' dir='ltr'>hastam</span> <span class='ocrx_word' id='word_1_162' title='bbox 963 1948 987 1986; x_wconf 82' lang='lat' dir='ltr'>so</span> 
     </span>
     <span class='ocr_line' id='line_1_25' title="bbox 135 2007 846 2078; baseline 0.004 -19"><span class='ocrx_word' id='word_1_163' title='bbox 135 2007 167 2058; x_wconf 92' lang='grc'>111</span> <span class='ocrx_word' id='word_1_164' title='bbox 186 2007 257 2061; x_wconf 87' lang='lat' dir='ltr'>latus</span> <span class='ocrx_word' id='word_1_165' title='bbox 275 2011 358 2078; x_wconf 90' lang='lat' dir='ltr'>inque</span> <span class='ocrx_word' id='word_1_166' title='bbox 376 2011 427 2062; x_wconf 89' lang='lat' dir='ltr'>feri</span> <span class='ocrx_word' id='word_1_167' title='bbox 446 2028 554 2064; x_wconf 83' lang='lat' dir='ltr'>curvam</span> <span class='ocrx_word' id='word_1_168' title='bbox 574 2011 739 2078; x_wconf 83' lang='lat' dir='ltr'>conpagibus</span> <span class='ocrx_word' id='word_1_169' title='bbox 758 2011 846 2063; x_wconf 86' lang='lat' dir='ltr'>alvum</span> 
     </span>
     <span class='ocr_line' id='line_1_26' title="bbox 134 2083 894 2153; baseline 0.003 -17"><span class='ocrx_word' id='word_1_170' title='bbox 134 2083 279 2138; x_wconf 84' lang='lat' dir='ltr'>Contorsit.</span> <span class='ocrx_word' id='word_1_171' title='bbox 317 2087 400 2138; x_wconf 82' lang='lat' dir='ltr'>Stetit</span> <span class='ocrx_word' id='word_1_172' title='bbox 419 2087 465 2138; x_wconf 90' lang='lat' dir='ltr'>illa</span> <span class='ocrx_word' id='word_1_173' title='bbox 483 2090 612 2152; x_wconf 87' lang='lat' dir='ltr'>tremens,</span> <span class='ocrx_word' id='word_1_174' title='bbox 631 2090 767 2153; x_wconf 90' lang='lat' dir='ltr'>uteroque</span> <span class='ocrx_word' id='word_1_175' title='bbox 785 2102 894 2138; x_wconf 88' lang='lat' dir='ltr'>recusso</span> 
     </span>
     <span class='ocr_line' id='line_1_27' title="bbox 135 2161 870 2228; baseline 0.001 -17"><span class='ocrx_word' id='word_1_176' title='bbox 135 2161 282 2214; x_wconf 85' lang='lat' dir='ltr'>insonuere</span> <span class='ocrx_word' id='word_1_177' title='bbox 301 2179 382 2216; x_wconf 85' lang='lat' dir='ltr'>cavae</span> <span class='ocrx_word' id='word_1_178' title='bbox 401 2163 590 2228; x_wconf 83' lang='lat' dir='ltr'>gemitumque</span> <span class='ocrx_word' id='word_1_179' title='bbox 610 2161 713 2212; x_wconf 89' lang='lat' dir='ltr'>dedere</span> <span class='ocrx_word' id='word_1_180' title='bbox 732 2177 870 2212; x_wconf 87' lang='lat' dir='ltr'>cavernae.</span> 
     </span>
     <span class='ocr_line' id='line_1_28' title="bbox 134 2236 830 2302; baseline 0 -14"><span class='ocrx_word' id='word_1_181' title='bbox 134 2237 177 2302; x_wconf 81' lang='lat' dir='ltr'>Et,</span> <span class='ocrx_word' id='word_1_182' title='bbox 197 2237 219 2290; x_wconf 89' lang='lat' dir='ltr'>si</span> <span class='ocrx_word' id='word_1_183' title='bbox 237 2237 295 2290; x_wconf 87' lang='lat' dir='ltr'>fata</span> <span class='ocrx_word' id='word_1_184' title='bbox 313 2236 403 2301; x_wconf 89' lang='lat' dir='ltr'>deum,</span> <span class='ocrx_word' id='word_1_185' title='bbox 423 2237 445 2289; x_wconf 92' lang='lat' dir='ltr'>si</span> <span class='ocrx_word' id='word_1_186' title='bbox 463 2254 540 2289; x_wconf 88' lang='lat' dir='ltr'>mens</span> <span class='ocrx_word' id='word_1_187' title='bbox 558 2253 611 2288; x_wconf 91' lang='lat' dir='ltr'>non</span> <span class='ocrx_word' id='word_1_188' title='bbox 629 2236 706 2288; x_wconf 87' lang='lat' dir='ltr'>laeva</span> <span class='ocrx_word' id='word_1_189' title='bbox 725 2236 830 2302; x_wconf 87' lang='lat' dir='ltr'>fuisset,</span> 
     </span>
     <span class='ocr_line' id='line_1_29' title="bbox 134 2311 986 2380; baseline 0.004 -16"><span class='ocrx_word' id='word_1_190' title='bbox 134 2313 276 2380; x_wconf 86' lang='lat' dir='ltr'>inpulerat</span> <span class='ocrx_word' id='word_1_191' title='bbox 293 2313 367 2366; x_wconf 82' lang='lat' dir='ltr'>ferro</span> <span class='ocrx_word' id='word_1_192' title='bbox 387 2313 530 2380; x_wconf 85' lang='lat' dir='ltr'>Argolicas</span> <span class='ocrx_word' id='word_1_193' title='bbox 548 2313 659 2364; x_wconf 87' lang='lat' dir='ltr'>foedare</span> <span class='ocrx_word' id='word_1_194' title='bbox 678 2311 806 2378; x_wconf 87' lang='lat' dir='ltr'>latebras,</span> <span class='ocrx_word' id='word_1_195' title='bbox 962 2327 986 2367; x_wconf 78' lang='lat' dir='ltr'>aa</span> 
     </span>
     <span class='ocr_line' id='line_1_30' title="bbox 133 2387 956 2457; baseline 0.002 -17"><span class='ocrx_word' id='word_1_196' title='bbox 133 2389 275 2457; x_wconf 86' lang='lat' dir='ltr'>Troiaque,</span> <span class='ocrx_word' id='word_1_197' title='bbox 293 2406 364 2442; x_wconf 89' lang='lat' dir='ltr'>nune</span> <span class='ocrx_word' id='word_1_198' title='bbox 383 2393 479 2456; x_wconf 86' lang='lat' dir='ltr'>stares,</span> <span class='ocrx_word' id='word_1_199' title='bbox 499 2388 656 2456; x_wconf 82' lang='lat' dir='ltr'>Priamique</span> <span class='ocrx_word' id='word_1_200' title='bbox 675 2405 723 2440; x_wconf 85' lang='lat' dir='ltr'>arx</span> <span class='ocrx_word' id='word_1_201' title='bbox 742 2387 805 2456; x_wconf 87' lang='lat' dir='ltr'>alta,</span> <span class='ocrx_word' id='word_1_202' title='bbox 824 2405 956 2442; x_wconf 87' lang='lat' dir='ltr'>maneres.</span> 
     </span>
     <span class='ocr_line' id='line_1_31' title="bbox 169 2465 974 2533; baseline 0 -15"><span class='ocrx_word' id='word_1_203' title='bbox 169 2465 245 2532; x_wconf 84' lang='lat' dir='ltr'>Ecce,</span> <span class='ocrx_word' id='word_1_204' title='bbox 265 2482 360 2518; x_wconf 88' lang='lat' dir='ltr'>manus</span> <span class='ocrx_word' id='word_1_205' title='bbox 378 2466 503 2518; x_wconf 87' lang='lat' dir='ltr'>iuvenem</span> <span class='ocrx_word' id='word_1_206' title='bbox 522 2466 628 2518; x_wconf 89' lang='lat' dir='ltr'>interca</span> <span class='ocrx_word' id='word_1_207' title='bbox 645 2469 708 2533; x_wconf 91' lang='lat' dir='ltr'>post</span> <span class='ocrx_word' id='word_1_208' title='bbox 726 2469 805 2532; x_wconf 85' lang='lat' dir='ltr'>terga</span> <span class='ocrx_word' id='word_1_209' title='bbox 822 2465 974 2518; x_wconf 82' lang='lat' dir='ltr'>revinctum</span> 
     </span>
     <span class='ocr_line' id='line_1_32' title="bbox 134 2539 846 2610; baseline 0.001 -17"><span class='ocrx_word' id='word_1_210' title='bbox 134 2539 262 2594; x_wconf 87' lang='lat' dir='ltr'>Pastores</span> <span class='ocrx_word' id='word_1_211' title='bbox 281 2559 378 2610; x_wconf 71' lang='lat' dir='ltr'>magno</span> <span class='ocrx_word' id='word_1_212' title='bbox 398 2542 434 2594; x_wconf 91' lang='lat' dir='ltr'>ad</span> <span class='ocrx_word' id='word_1_213' title='bbox 451 2559 544 2609; x_wconf 73' lang='lat' dir='ltr'>regem</span> <span class='ocrx_word' id='word_1_214' title='bbox 564 2542 681 2595; x_wconf 87' lang='lat' dir='ltr'>clamore</span> <span class='ocrx_word' id='word_1_215' title='bbox 699 2542 846 2596; x_wconf 87' lang='lat' dir='ltr'>trahebant</span> 
     </span>
     <span class='ocr_line' id='line_1_33' title="bbox 135 2615 865 2686; baseline 0.004 -19"><span class='ocrx_word' id='word_1_216' title='bbox 135 2615 317 2685; x_wconf 86' lang='lat' dir='ltr'>Dardanidae,</span> <span class='ocrx_word' id='word_1_217' title='bbox 337 2619 385 2686; x_wconf 90' lang='lat' dir='ltr'>qui</span> <span class='ocrx_word' id='word_1_218' title='bbox 404 2637 433 2672; x_wconf 91' lang='lat' dir='ltr'>se</span> <span class='ocrx_word' id='word_1_219' title='bbox 451 2619 573 2686; x_wconf 83' lang='lat' dir='ltr'>ignotum</span> <span class='ocrx_word' id='word_1_220' title='bbox 594 2620 766 2672; x_wconf 87' lang='lat' dir='ltr'>venientibus</span> <span class='ocrx_word' id='word_1_221' title='bbox 785 2619 865 2686; x_wconf 89' lang='lat' dir='ltr'>ultro,</span> 
     </span>
     <span class='ocr_line' id='line_1_34' title="bbox 138 2693 986 2765; baseline 0.007 -21"><span class='ocrx_word' id='word_1_222' title='bbox 138 2693 195 2745; x_wconf 89' lang='grc'><strong>1111</strong></span> <span class='ocrx_word' id='word_1_223' title='bbox 207 2693 295 2760; x_wconf 89' lang='lat' dir='ltr'>ipsum</span> <span class='ocrx_word' id='word_1_224' title='bbox 307 2699 338 2748; x_wconf 90' lang='grc'>111</span> <span class='ocrx_word' id='word_1_225' title='bbox 352 2701 473 2748; x_wconf 89' lang='lat' dir='ltr'>strueret</span> <span class='ocrx_word' id='word_1_226' title='bbox 487 2697 649 2764; x_wconf 90' lang='lat' dir='ltr'>Troiamque</span> <span class='ocrx_word' id='word_1_227' title='bbox 662 2697 782 2765; x_wconf 90' lang='lat' dir='ltr'>aperiret</span> <span class='ocrx_word' id='word_1_228' title='bbox 797 2695 915 2763; x_wconf 81' lang='lat' dir='ltr'>Achivis,</span> <span class='ocrx_word' id='word_1_229' title='bbox 963 2711 986 2750; x_wconf 85' lang='lat' dir='ltr'>eo</span> 
     </span>
     <span class='ocr_line' id='line_1_35' title="bbox 135 2768 956 2842; baseline 0.005 -22"><span class='ocrx_word' id='word_1_230' title='bbox 135 2768 288 2838; x_wconf 86' lang='lat' dir='ltr'>Obtuierat,</span> <span class='ocrx_word' id='word_1_231' title='bbox 308 2771 396 2826; x_wconf 86' lang='lat' dir='ltr'>fidens</span> <span class='ocrx_word' id='word_1_232' title='bbox 415 2773 504 2842; x_wconf 89' lang='lat' dir='ltr'>animi,</span> <span class='ocrx_word' id='word_1_233' title='bbox 522 2777 605 2840; x_wconf 89' lang='lat' dir='ltr'>atque</span> <span class='ocrx_word' id='word_1_234' title='bbox 624 2773 652 2824; x_wconf 92' lang='lat' dir='ltr'>in</span> <span class='ocrx_word' id='word_1_235' title='bbox 670 2777 818 2840; x_wconf 89' lang='lat' dir='ltr'>utrumque</span> <span class='ocrx_word' id='word_1_236' title='bbox 836 2776 956 2841; x_wconf 80' lang='lat' dir='ltr'>paratae,</span> 
     </span>
     <span class='ocr_line' id='line_1_36' title="bbox 135 2846 881 2917; baseline 0.003 -19"><span class='ocrx_word' id='word_1_237' title='bbox 135 2846 189 2899; x_wconf 83' lang='lat' dir='ltr'>Seu</span> <span class='ocrx_word' id='word_1_238' title='bbox 207 2851 316 2901; x_wconf 80' lang='lat' dir='ltr'>versare</span> <span class='ocrx_word' id='word_1_239' title='bbox 335 2849 419 2917; x_wconf 86' lang='lat' dir='ltr'>dolos,</span> <span class='ocrx_word' id='word_1_240' title='bbox 439 2868 486 2904; x_wconf 88' lang='lat' dir='ltr'>seu</span> <span class='ocrx_word' id='word_1_241' title='bbox 505 2857 596 2903; x_wconf 89' lang='lat' dir='ltr'>certae</span> <span class='ocrx_word' id='word_1_242' title='bbox 615 2849 774 2902; x_wconf 87' lang='lat' dir='ltr'>occumbere</span> <span class='ocrx_word' id='word_1_243' title='bbox 792 2848 881 2901; x_wconf 88' lang='lat' dir='ltr'>morti.</span> 
     </span>
     <span class='ocr_line' id='line_1_37' title="bbox 135 2923 774 2992; baseline 0.003 -16"><span class='ocrx_word' id='word_1_244' title='bbox 135 2923 264 2992; x_wconf 89' lang='lat' dir='ltr'>Undique</span> <span class='ocrx_word' id='word_1_245' title='bbox 281 2926 387 2980; x_wconf 85' lang='lat' dir='ltr'>visendi</span> <span class='ocrx_word' id='word_1_246' title='bbox 406 2927 497 2980; x_wconf 80' lang='lat' dir='ltr'>studio</span> <span class='ocrx_word' id='word_1_247' title='bbox 516 2927 631 2980; x_wconf 89' lang='lat' dir='ltr'>Troiana</span> <span class='ocrx_word' id='word_1_248' title='bbox 648 2926 774 2978; x_wconf 84' lang='lat' dir='ltr'>iuventus</span> 
     </span>
     <span class='ocr_line' id='line_1_38' title="bbox 135 3001 810 3072; baseline -0.001 -18"><span class='ocrx_word' id='word_1_249' title='bbox 135 3001 304 3056; x_wconf 82' lang='lat' dir='ltr'>Circumfusa</span> <span class='ocrx_word' id='word_1_250' title='bbox 321 3005 384 3069; x_wconf 84' lang='lat' dir='ltr'>ruit,</span> <span class='ocrx_word' id='word_1_251' title='bbox 404 3007 566 3072; x_wconf 87' lang='lat' dir='ltr'>certantque</span> <span class='ocrx_word' id='word_1_252' title='bbox 583 3003 707 3056; x_wconf 85' lang='lat' dir='ltr'>inludere</span> <span class='ocrx_word' id='word_1_253' title='bbox 725 3006 810 3071; x_wconf 88' lang='lat' dir='ltr'>capto.</span> 
     </span>
     <span class='ocr_line' id='line_1_39' title="bbox 137 3078 985 3148; baseline -0.002 -16"><span class='ocrx_word' id='word_1_254' title='bbox 137 3078 239 3146; x_wconf 87' lang='lat' dir='ltr'>Accipe</span> <span class='ocrx_word' id='word_1_255' title='bbox 256 3096 327 3134; x_wconf 91' lang='lat' dir='ltr'>nune</span> <span class='ocrx_word' id='word_1_256' title='bbox 346 3081 471 3134; x_wconf 89' lang='lat' dir='ltr'>Danaum</span> <span class='ocrx_word' id='word_1_257' title='bbox 489 3080 609 3148; x_wconf 87' lang='lat' dir='ltr'>insidias,</span> <span class='ocrx_word' id='word_1_258' title='bbox 627 3084 656 3133; x_wconf 90' lang='lat' dir='ltr'>et</span> <span class='ocrx_word' id='word_1_259' title='bbox 674 3080 786 3133; x_wconf 89' lang='lat' dir='ltr'>crimine</span> <span class='ocrx_word' id='word_1_260' title='bbox 804 3079 838 3131; x_wconf 88' lang='lat' dir='ltr'>ab</span> <span class='ocrx_word' id='word_1_261' title='bbox 855 3095 909 3131; x_wconf 91' lang='lat' dir='ltr'>uno</span> <span class='ocrx_word' id='word_1_262' title='bbox 961 3097 985 3136; x_wconf 71' lang='lat' dir='ltr'>aa</span> 
     </span>
     <span class='ocr_line' id='line_1_40' title="bbox 136 3153 328 3212; baseline 0.01 -2"><span class='ocrx_word' id='word_1_263' title='bbox 136 3153 217 3210; x_wconf 85' lang='lat' dir='ltr'>Disce</span> <span class='ocrx_word' id='word_1_264' title='bbox 235 3158 328 3212; x_wconf 90' lang='lat' dir='ltr'>omnis.</span> 
     </span>
     <span class='ocr_line' id='line_1_41' title="bbox 137 3229 920 3302; baseline 0 -18"><span class='ocrx_word' id='word_1_265' title='bbox 137 3229 262 3299; x_wconf 81' lang='lat' dir='ltr'>Namque</span> <span class='ocrx_word' id='word_1_266' title='bbox 281 3239 312 3289; x_wconf 92' lang='lat' dir='ltr'>ut</span> <span class='ocrx_word' id='word_1_267' title='bbox 330 3238 476 3302; x_wconf 87' lang='lat' dir='ltr'>conspectu</span> <span class='ocrx_word' id='word_1_268' title='bbox 495 3235 521 3288; x_wconf 92' lang='lat' dir='ltr'>in</span> <span class='ocrx_word' id='word_1_269' title='bbox 541 3234 632 3288; x_wconf 91' lang='lat' dir='ltr'>medio</span> <span class='ocrx_word' id='word_1_270' title='bbox 650 3233 783 3297; x_wconf 89' lang='lat' dir='ltr'>turbatus,</span> <span class='ocrx_word' id='word_1_271' title='bbox 801 3233 920 3295; x_wconf 89' lang='lat' dir='ltr'>inermis,</span> 
     </span>
    </p>
   </div>
   <div class='ocr_carea' id='block_1_3' title="bbox 0 0 1144 3568">
    <p class='ocr_par' dir='ltr' id='par_1_3' title="bbox 0 0 1144 3568">
     <span class='ocr_line' id='line_1_42' title="bbox 0 0 1144 3568; baseline 0 0"><span class='ocrx_word' id='word_1_272' title='bbox 0 0 1144 3568; x_wconf 95' lang='lat' dir='ltr'> </span> 
     </span>
    </p>
   </div>
  </div>
 </body>
</html>
