2278 3568
138 138 167 184 98
371 135 401 206 P
419 135 574 184 VERGILI
592 137 756 187 MARONIS

138 217 229 281 Quare
246 218 326 285 agite,
345 235 361 271 o
381 220 468 286 tectis,
486 221 606 284 iuvenes,
626 219 763 273 succedite
781 222 865 276 nost'

130 293 184 362 ¹Me
202 309 311 362 quoque
330 295 498 362 permultos
517 295 613 348 similis
632 295 741 348 fortuna
758 296 865 350 labores

138 373 272 425 lactatam
291 372 340 424 hac
360 372 470 424 demum
488 373 574 425 voluit
593 373 741 426 consistere
759 378 841 428 terra.

138 448 200 501 Nou
218 449 313 516 ignara
331 448 394 500 mali
413 449 519 502 miseris
538 467 694 502 succurrere
713 449 794 502 disco.
956 467 993 506 aaa

138 525 181 578 Sic
200 529 347 590 memorat;
366 526 445 578 simul
465 529 579 580 Aenean
597 527 625 578 in
643 527 718 594 regia
736 525 812 580 dueit

137 599 227 669 lecta,
246 603 325 655 simul
344 603 435 655 divom
454 605 563 672 templis
580 603 676 656 indicit
694 603 828 656 honorem.

138 673 195 731 llec
213 679 302 732 minus
320 679 426 733 interea
444 681 523 734 sociis
541 680 577 733 ad
594 680 676 732 litora
693 679 779 732 mittit

137 752 244 821 viginti
263 759 363 823 tauros,
382 775 541 826 magnorum
559 756 700 810 horrentia
717 760 825 808 centum

137 830 225 898 Terga
237 849 323 899 suum,
335 835 442 902 pinguis
454 837 563 888 centum
576 850 637 886 cum
650 830 783 885 matribus
795 847 885 900 agnos,
955 847 991 886 535

104 910 114 923 “
137 906 252 962 Munem
270 909 459 980 laetitiamque
477 911 529 964 dei.

137 986 177 1037 At
196 985 292 1040 domus
310 988 424 1041 interior
441 987 527 1055 regali
545 986 690 1055 splendida
708 986 774 1038 luxu

137 1060 294 1131 Instruitur,
314 1064 468 1134 mediisque
485 1067 583 1130 parant
601 1063 721 1116 convivia
739 1062 833 1115 tectis:

137 1140 207 1191 Arte
225 1139 364 1195 laboratae
382 1145 473 1193 vestes
491 1143 619 1207 ostroque
638 1137 762 1206 superbo,

137 1213 237 1281 Ingens
255 1221 398 1284 argentum
416 1216 523 1282 mensis,
543 1215 702 1282 caelataque
720 1213 748 1265 in
766 1230 832 1266 auro
953 1227 990 1266 ero

136 1289 228 1343 Fortia
246 1293 318 1344 facta
335 1296 453 1360 patrum,
472 1292 555 1344 series
573 1290 729 1356 longissima
747 1305 838 1341 rerum

136 1365 189 1418 Per
207 1369 249 1420 tot
268 1367 351 1420 ducta
369 1369 440 1420 viros
458 1367 588 1434 antiquae
606 1365 640 1417 ab
659 1365 763 1432 origine
780 1365 876 1432 gentis.

170 1443 403 1512 Aeneas-neque
422 1443 494 1496 enim
512 1441 616 1508 patrius
635 1441 784 1495 consistere
803 1443 922 1494 mentem

136 1517 234 1572 Passus
252 1519 486 1588 amor-rapidum
506 1519 542 1570 ad
560 1519 635 1570 navis
653 1518 806 1585 praemittit
826 1516 959 1582 Achaten,

136 1596 252 1648 Ascanio
270 1595 341 1650 ferat
358 1596 431 1661 haec,
449 1595 593 1663 ipsumque
610 1593 646 1646 ad
664 1594 770 1648 moenia
787 1593 884 1661 ducat;
953 1607 988 1646 ee

135 1669 230 1724 Omnis
248 1673 276 1724 in
296 1673 412 1725 Ascanio
431 1671 486 1724 cari
505 1674 562 1724 stat
580 1687 644 1724 cura
662 1671 791 1739 parentis.

134 1747 250 1801 Munera
267 1752 417 1816 praeterea,
437 1747 527 1800 iliacis
545 1751 640 1815 erepta
657 1747 750 1811 ruinis,

135 1823 220 1878 Perre
237 1825 321 1892 iubet,
340 1825 440 1893 pallam
459 1824 543 1891 siguis
561 1841 681 1893 auroque
700 1825 841 1892 rigentem,

135 1899 171 1953 Et
188 1901 397 1955 circumtextum
416 1917 510 1954 croceo
529 1901 650 1954 velamen
669 1900 791 1966 acantho,

136 1977 254 2030 Ornatus
273 1978 394 2044 Argivae
414 1977 544 2044 Helenae,
563 1993 630 2046 quos
648 1977 694 2030 illa
712 1977 840 2044 Mycenis,
952 1991 988 2030 oto

136 2052 270 2120 Pergama
287 2070 348 2107 eum
366 2057 474 2121 peteret
492 2054 714 2122 inconcessosque
733 2053 911 2121 Hymenaeos

134 2129 286 2196 Extulerat‚
302 2131 398 2184 matris
417 2129 510 2184 Ledae
528 2131 651 2184 mirabile
669 2130 782 2184 donum:

135 2205 282 2259 Praeterea
300 2211 445 2274 sceptrum,
465 2207 551 2261 Ilione
570 2208 643 2276 quod
661 2210 784 2274 gesserat
801 2208 872 2274 olim,

135 2281 264 2334 Maxuma
281 2286 406 2337 natarum
427 2285 536 2352 Priami,
555 2285 678 2352 colloque
696 2285 795 2337 monile

135 2357 274 2424 Baeatunr,
293 2363 321 2412 ot
339 2360 475 2428 duplicem
492 2361 607 2428 gemmis
625 2377 745 2428 auroque
763 2375 896 2413 coronam.
952 2374 988 2412 ese

135 2433 212 2487 Haec
230 2434 350 2489 celerans
368 2437 423 2490 iter
442 2437 477 2489 ad
495 2437 571 2489 navis
588 2435 721 2490 tendehat
741 2435 868 2490 Achates.

169 2512 210 2562 At
229 2511 363 2578 Cytherea
381 2529 464 2565 novas
484 2513 558 2579 artis,
577 2528 645 2564 nova
662 2515 773 2579 pectore
791 2512 882 2564 versat

134 2585 259 2649 Consilia,
277 2592 308 2641 ut
326 2588 421 2642 faciem
440 2592 560 2642 mutatus
579 2591 607 2642 ct
625 2605 673 2640 ora
691 2586 797 2654 Cupido

135 2661 189 2715 Pro
208 2662 280 2716 dulci
299 2665 417 2719 Ascanio
435 2664 533 2729 veniat,
553 2664 686 2731 donisque
704 2663 840 2716 furentem

135 2737 268 2793 Incendat
286 2741 415 2807 reginam,
434 2743 517 2807 atquo
536 2740 640 2793 ossibus
659 2740 771 2809 inplicet
789 2739 893 2806 ignem;
951 2755 987 2795 mo

135 2813 241 2882 Quippe
260 2815 370 2869 domum
388 2816 467 2871 timet
486 2816 640 2884 ambiguam
660 2817 807 2886 Tyriosque
825 2815 969 2884 bilinguis;

134 2889 200 2944 Urit
216 2895 295 2944 atrox
314 2892 390 2959 Iuno,
410 2897 438 2948 et
456 2892 506 2946 sub
525 2897 632 2946 noctem
651 2910 715 2946 cura
732 2897 860 2950 recursat.

135 2966 207 3034 Ergo
225 2967 267 3020 his
285 2967 417 3035 aligerum
435 2969 514 3027 dictis
532 2969 642 3026 adfatur
661 2973 805 3024 Amorem:

133 3043 160 3096 N
162 3047 214 3110 ate,
232 3060 309 3098 meae
327 3045 405 3112 vires,
424 3062 485 3100 mea
502 3063 600 3114 magna
617 3048 741 3116 potentia
759 3047 838 3115 solus,

134 3119 214 3190 Nate,
232 3121 317 3190 patris
336 3122 433 3176 summi
451 3123 498 3192 qui
516 3124 572 3177 tela
590 3124 710 3194 Typhoia
728 3124 832 3189 temnis,

134 3195 182 3251 Ad
199 3200 228 3254 te
245 3197 370 3269 confugio
387 3202 417 3256 ct
435 3199 548 3270 supplex
567 3204 615 3256 tua
632 3201 742 3258 numina
758 3214 844 3269 posco.
