2290 3568
427 151 609 200 AENEIDOS
626 151 695 200 ΜΒ.
714 151 763 200 VI.
973 153 1019 200 205

172 231 227 286 Sed
245 248 298 286 uox
316 235 377 285 atra
394 236 476 300 eaput
493 233 567 286 tristi
585 234 761 288 circumvolat
779 236 883 288 umbra
984 249 1021 288 aas

171 308 239 361 Tum
256 312 337 377 pater
355 308 496 375 Anchises,
515 308 632 363 lacrimis
649 310 787 378 ingressus
806 311 923 364 obortis:
986 379 988 384 Ι

171 383 194 437 0
212 389 302 452 gnate,
321 386 459 452 ingentem
477 385 580 439 luctum
598 403 632 438 ne
650 403 751 456 quaere
769 393 893 452 tuoruum

170 461 325 514 Ostendent
343 461 425 514 terris
443 461 513 515 hunc
532 466 639 515 tantum
657 463 720 532 fata,
739 481 827 533 neque
845 463 917 517 ultra

170 537 237 590 Esse
256 538 351 592 sinent,
388 538 508 591 Nimium
527 537 602 590 vobis
623 539 746 593 Romana
764 544 884 608 propago
985 553 1020 594 sto

171 613 238 666 Visa
254 618 358 681 potens,
379 615 485 683 Superi,
502 615 613 684 propria
631 614 697 670 haee
716 617 738 668 si
758 617 829 669 dono
846 617 969 670 luissent.

171 690 291 754 Quantos
310 691 356 745 ille
373 691 461 744 virum
480 707 607 758 magnam
625 691 757 746 Mavortis
776 691 812 746 ad
829 692 926 746 urbem

170 767 289 835 Campus
306 771 370 836 aget
388 766 520 835 gemitus!
539 766 582 820 vel
601 783 678 834 quae,
698 769 831 836 Tiberine,
850 767 956 821 videbis

170 843 285 912 Funera,
304 862 366 898 eum
384 845 518 898 tumulum
536 845 740 912 praeterlabere
756 848 909 898 recentem!

169 919 194 972 N
197 937 228 974 ec
246 937 314 988 puer
334 921 417 973 Iliaca
434 919 577 988 quisquam
596 919 631 972 de
649 925 733 987 gente
752 921 864 974 Latinos
985 935 1020 974 sm

171 997 204 1048 ln
222 1001 329 1050 tantum
348 1013 396 1065 spe
414 996 493 1050 tollet
511 1011 581 1062 aveo,
599 1012 649 1049 noc
669 997 783 1050 Romula
802 996 939 1063 quondam

169 1071 232 1125 Ullo
251 1090 281 1126 se
298 1077 407 1126 tantum
425 1072 506 1126 tellus
523 1072 637 1126 iactabit
654 1073 768 1126 alumne.

170 1149 234 1202 Heu
252 1150 346 1218 pietas,
365 1150 420 1204 hou
438 1149 526 1218 prisea
544 1149 620 1217 fides,
639 1149 795 1219 invictaque
813 1150 885 1204 bello

169 1225 302 1281 Dextera!
322 1244 375 1280 non
393 1227 432 1280 illi
451 1243 480 1280 se
498 1227 639 1295 quisquam
657 1227 757 1295 inpune
776 1227 885 1281 tulisset

169 1302 271 1358 Obvius
289 1307 401 1372 armato,
420 1320 468 1358 scu
486 1319 548 1356 eum
566 1303 651 1373 pedes
668 1304 722 1356 irct
740 1304 768 1356 in
787 1303 900 1371 hostem,
981 1319 1018 1357 sao

169 1379 223 1434 Scu
241 1381 390 1449 spumantis
409 1381 473 1449 equi
490 1380 599 1436 foderet
617 1380 766 1434 calcaribus
784 1397 882 1434 armos.

169 1456 240 1524 Heu,
258 1457 411 1510 miserande
429 1461 511 1525 puer!
532 1457 554 1510 si
573 1473 626 1526 qua
643 1457 700 1510 fata
718 1474 816 1526 aspera
834 1474 950 1526 rumpas,

169 1533 209 1586 'lu
228 1533 372 1586 Marcellus
391 1533 450 1585 eris.
488 1533 617 1586 Manibus
635 1534 699 1586 date
717 1534 773 1586 lilia
791 1535 886 1602 plenis,

169 1609 324 1676 Purpureos
343 1625 469 1677 spargam
487 1609 574 1674 liores,
593 1611 764 1678 animamque
782 1612 889 1678 nepotis

169 1685 222 1738 His
241 1686 337 1740 saltem
355 1685 526 1738 adcumulem
545 1686 629 1752 donis,
652 1689 680 1738 et
697 1686 795 1753 fungar
812 1688 884 1740 inani
981 1698 1017 1740 sss

168 1762 373 1816 Munere-Sic
391 1765 451 1816 tota
468 1763 570 1830 passim
588 1761 699 1829 regione
718 1766 851 1829 vagantur

168 1839 250 1892 Aeris
268 1840 296 1892 in
314 1839 416 1908 eampis
433 1839 505 1906 latis,
523 1842 606 1907 atque
624 1839 712 1892 omnia
730 1839 853 1892 lustrant.

169 1915 244 1980 erao
262 1921 406 1984 postquam
426 1915 560 1970 Anchises
578 1920 671 1968 natum
689 1933 740 1984 per
758 1915 863 1984 singula
880 1916 968 1984 duxit,

169 1992 349 2062 Incenditquo
366 1995 484 2047 animum
502 1993 590 2046 hamno
608 1993 742 2046 venientis
760 2009 858 2061 amore,

169 2069 239 2121 Exin
257 2069 328 2122 bella
346 2071 403 2122 viro
421 2073 556 2123 memorat
574 2087 644 2136 quae
663 2069 763 2122 deinde
781 2069 909 2136 gerenda,
980 2085 1016 2124 sao

168 2143 366 2212 Laurentisque
385 2146 466 2198 docet
484 2145 596 2212 populos
615 2144 766 2212 urbemque
785 2146 884 2213 Latini,

168 2220 276 2288 litque
295 2237 431 2288 quemque
449 2220 530 2272 modo
548 2220 688 2287 fugiatque
707 2219 832 2288 feratque
851 2221 978 2276 laborem.

202 2296 273 2350 Sunt
290 2297 414 2365 geminae
433 2297 523 2349 Somni
542 2299 645 2364 portae,
665 2312 780 2363 quarum
799 2297 886 2350 altera
903 2298 992 2352 fertur

168 2373 279 2441 Cornea,
298 2389 353 2444 qua
370 2373 441 2426 veris
459 2372 544 2426 facilis
563 2372 645 2426 datur
663 2372 753 2425 exitus
772 2373 898 2439 Umbris;

169 2450 266 2503 Altera
283 2451 410 2504 candenti
428 2450 549 2518 perfecta
566 2449 656 2503 nitens
674 2449 826 2518 elephanto,
908 2511 914 2522 Α
980 2467 1015 2508 aas

167 2526 223 2579 Sed
240 2527 308 2580 falsa
326 2527 362 2580 ad
380 2527 484 2580 caelum
503 2527 617 2580 mittunt
634 2527 767 2580 insomnia
785 2528 887 2582 Manes.

168 2602 221 2655 His
238 2603 285 2656 ubi
304 2607 363 2656 tum
382 2609 475 2657 uatum
495 2603 628 2656 Anchises
646 2621 755 2672 unaque
774 2605 904 2672 Sibyllam

168 2679 348 2746 Prosequitur
365 2681 454 2745 dictis,
472 2684 606 2748 portaque
625 2680 728 2734 emittit
746 2681 855 2748 eburna,

168 2754 219 2807 llle
237 2755 308 2808 viam
326 2762 399 2810 secat
417 2757 453 2810 ad
471 2757 545 2809 navis
564 2756 703 2825 sociosque
722 2758 829 2812 revisit:

168 2831 235 2885 Tum
253 2847 282 2884 se
300 2831 336 2884 ad
355 2832 465 2886 Caietae
483 2837 557 2886 recto
575 2833 630 2886 lert
649 2833 728 2886 litora
746 2839 862 2902 portum.
978 2847 1014 2888 sle

167 2909 278 2963 Ancora
295 2907 330 2961 de
348 2923 430 2978 prora
446 2909 558 2974 iacitur;
576 2912 651 2964 stant
668 2909 748 2965 litore
766 2925 876 2980 puppes.
