2266 3562
119 151 150 197 64
354 149 382 196 P.
402 145 555 200 VERGILI
573 149 736 197 MARONIS

120 229 331 299 Extremumque
349 230 434 296 sequi,
453 234 501 284 aut
519 230 610 284 medio
626 231 807 300 procumbere
825 245 919 298 canipe

120 305 288 372 Pascentem,
307 310 336 360 et
353 323 430 360 serae
449 307 533 360 solam
552 307 687 360 decedere
706 307 786 371 nocti,

119 381 254 436 Continuo
272 383 379 451 culpam
398 384 470 436 ferro
489 399 636 451 compesce,
654 383 831 452 priusquam

120 457 187 512 Dira
204 477 253 528 por
270 461 408 512 incautum
427 463 540 527 serpant
557 460 683 527 contagia
701 460 801 528 volgus.

119 535 144 588 N
147 553 181 588 on
192 541 248 589 tam
261 536 358 589 creber
369 552 455 603 agens
467 535 585 589 hiemem
598 536 654 590 ruit
666 553 785 605 aequore
798 539 888 603 turbe,
934 552 970 592 tro

119 611 207 676 Quam
223 612 327 667 multae
344 612 480 680 pecudum
498 617 599 680 pestes.
637 613 695 666 Nee
714 612 821 680 singula
838 612 927 666 morbi

119 688 240 756 Corpora
257 689 416 758 corripiunt,
435 688 485 742 sed
502 692 562 742 tota
579 688 683 742 aestiva
701 693 823 757 repente,
988 753 990 756 Ι

119 763 256 834 Spemque
282 780 450 834 gregemque
477 765 565 831 simul,
592 769 773 833 cunctamque
802 764 837 818 ab
867 765 972 830 origine

184 845 304 910 gentem.

119 917 187 972 'lum
205 919 280 986 sciat,
299 920 388 974 aerias
407 920 494 988 Alpes
511 921 540 972 ct
558 918 584 971 N
586 919 659 972 crica
677 919 700 972 si
719 918 780 988 quis

119 995 239 1051 Castella
255 997 283 1050 in
302 996 414 1050 tumulis
432 1000 461 1050 et
481 995 592 1063 Iapydis
609 1011 675 1048 arva
693 995 796 1048 'limavi
936 1010 972 1050 47⁶

120 1070 199 1124 Nunc
216 1089 325 1141 quoque
343 1079 406 1142 pest
423 1077 500 1126 tanto
519 1071 612 1125 videat
630 1071 794 1140 desertaque
813 1087 898 1137 regna

120 1147 264 1201 Pastorum
283 1154 313 1202 ct
329 1150 409 1217 longe
427 1148 513 1202 saltus
531 1149 641 1215 lateque
659 1147 788 1204 vacantis.

155 1224 209 1278 llic
226 1225 363 1292 quondam
381 1225 478 1278 morbo
495 1224 562 1277 caeli
581 1223 737 1276 miseranda
754 1227 849 1276 coorta
867 1227 910 1277 cst

119 1301 279 1370 Tempestas
297 1306 411 1369 totoque
429 1300 553 1354 autumni
571 1299 715 1352 incanduit
732 1303 819 1366 aestu,

121 1378 156 1432 ut
167 1395 253 1449 genus
265 1395 345 1431 omne
357 1378 416 1430 neci
428 1376 563 1445 pecudum
577 1375 663 1442 dedit,
677 1392 757 1428 omno
768 1375 896 1440 serarum,
935 1393 972 1430 sse

119 1455 303 1523 Corrupitque
321 1454 404 1520 lacus,
422 1453 517 1506 infecit
535 1451 636 1520 pabula
653 1452 725 1506 tabo.

119 1531 178 1584 blec
195 1531 239 1584 via
257 1531 353 1584 mortis
371 1535 431 1584 erat
449 1529 579 1598 simplex3
597 1528 647 1582 sed
664 1527 712 1582 ubi
730 1528 811 1597 ignea
828 1531 903 1584 renis

119 1605 252 1661 Onmibus
269 1611 330 1661 aeta
348 1607 408 1660 sitis
426 1606 539 1658 miseros
556 1605 712 1659 adduxerat
730 1609 813 1671 artus,

120 1684 225 1738 Rursus
243 1682 401 1738 abundabat
421 1682 520 1736 fluidus
538 1682 628 1750 liquor
646 1683 791 1751 omniaque
809 1682 837 1735 in
856 1699 885 1736 se

119 1758 188 1812 Ossa
206 1760 361 1814 minutatim
380 1759 474 1814 morbo
493 1758 620 1826 conlapsa
637 1756 772 1810 trahebat.
936 1773 972 1811 css

115 1839 207 1905 ,e'aepe
224 1837 252 1888 in
270 1837 371 1890 honore
389 1836 471 1890 deum
489 1835 580 1888 medio
599 1839 674 1888 stans
692 1833 781 1888 hostia
798 1836 835 1887 ad
852 1851 934 1900 aram,

121 1914 211 1969 banea
228 1914 295 1966 dum
313 1913 393 1966 nivea
410 1911 595 1966 circumdatur
612 1911 698 1964 infula
716 1910 794 1972 vitta,

120 1991 198 2044 luter
215 1990 368 2043 cunctantis
385 1988 485 2042 cecidit
503 1987 666 2040 moribunda
683 1987 830 2040 ministros.

120 2070 180 2121 Aut
197 2067 221 2124 si
239 2083 321 2135 quam
340 2065 412 2119 ferre
430 2068 597 2120 mactaverat
615 2068 679 2118 ante
698 2063 833 2127 sacerdos,

121 2143 191 2197 lude
208 2159 298 2212 neque
315 2141 441 2212 inpositis
457 2141 558 2194 ardent
576 2140 672 2194 altaria
689 2139 773 2207 fibris,
936 2154 971 2193 sco

119 2220 145 2273 N
147 2237 178 2274 ec
195 2236 324 2289 responsa
341 2223 433 2288 potest
451 2217 589 2272 consultus
607 2217 724 2272 reddere
742 2222 827 2284 rates,

121 2297 162 2351 Ac
180 2298 225 2350 vix
243 2296 376 2365 suppositi
395 2295 558 2363 tinguuntur
576 2293 706 2361 sanguine
725 2293 806 2346 cultri

120 2376 285 2442 Summaque
303 2373 394 2426 ieiuna
411 2373 485 2425 sanie
503 2371 655 2424 infuscatur
673 2386 761 2423 arena.

121 2451 193 2504 Hinc
210 2451 291 2504 laetis
308 2450 386 2503 vituli
406 2449 483 2516 volgo
502 2447 655 2500 moriuntur
673 2445 701 2498 in
720 2445 820 2511 herbis,

120 2528 157 2581 llt
175 2527 261 2580 dulcis
279 2527 383 2580 animas
401 2525 481 2592 plena
499 2523 536 2576 ad
554 2521 695 2590 praesepia
713 2521 850 2587 redduut3
937 2539 970 2576 cas

121 2604 192 2657 Hine
210 2603 321 2657 canibus
339 2602 446 2656 blandis
464 2600 554 2654 rabies
571 2599 653 2664 venit,
672 2602 701 2650 et
720 2597 809 2665 quatit
827 2615 923 2666 aegros

120 2680 212 2743 Tussis
229 2680 327 2734 anhela
345 2696 408 2732 sues
426 2695 457 2731 ao
474 2675 598 2730 faucibus
616 2674 693 2741 angit
712 2673 809 2727 obesis.

120 2757 235 2810 Labitur
252 2757 345 2810 infelix
364 2754 519 2808 studiorum
537 2755 622 2820 atque
640 2751 773 2804 inmemor
791 2749 892 2804 herbae

120 2833 217 2886 Victor
234 2850 322 2902 equus
340 2831 478 2898 fontisque
497 2829 632 2882 avertitur
650 2831 679 2880 et
696 2826 768 2894 pede
787 2832 889 2880 terram

120 2910 228 2964 Crebra
240 2910 321 2973 ferit;
339 2908 474 2961 demissae
492 2922 579 2970 aures,
599 2906 718 2957 incertus
736 2902 837 2957 ibidem
934 2917 970 2955 sor

120 2987 216 3056 Sudor,
234 2992 263 3040 et
280 2986 327 3039 ille
345 2983 455 3053 quidem
474 2981 614 3037 morituris
631 2980 753 3048 frigidus,
772 2983 833 3034 aret

121 3064 203 3118 Pellis
221 3067 250 3117 et
268 3062 303 3116 ad
321 3065 426 3115 tactum
444 3058 574 3113 tractanti
593 3059 662 3112 dura
680 3057 790 3112 resistit.

121 3141 197 3194 Haec
215 3143 279 3193 aute
298 3137 412 3192 exitium
431 3136 525 3205 primis
543 3136 612 3190 daut
629 3135 706 3203 sigua
724 3132 837 3196 diebus;

120 3218 168 3272 Sin
186 3217 214 3270 in
232 3231 359 3286 processu
377 3214 467 3283 coepit
484 3212 644 3270 crudescere
662 3211 779 3275 morbus,
