2266 3562
436 180 644 229 GEORGICON
663 179 732 230 LIB.
753 181 775 230 Ι.
1004 179 1034 224 38

178 263 266 328 Quam
286 261 380 316 Cereri
398 263 472 316 torta
490 260 634 314 redimitus
652 263 776 330 tempora
795 275 897 328 quercu

177 340 233 394 net
250 343 341 392 motus
359 339 540 407 inconpositos
560 342 589 392 ct
608 339 727 392 cannino
745 336 825 391 dieat.
1000 348 1036 388 sto

212 419 307 485 Atque
326 416 392 469 haec
411 421 442 468 ut
460 416 541 469 certis
560 432 700 484 possemus
719 415 824 468 discere
843 415 931 481 signis,

177 495 342 560 Aestusquc,
362 493 530 562 pluviasque,
552 497 582 546 et
600 493 706 560 agentis
724 491 826 560 frigora
843 496 946 557 ventos,

176 571 241 639 lpse
256 571 345 624 Pater
364 570 469 634 statuit,
489 570 557 637 qnid
574 573 665 658 menst
665 586 715 622 rua
734 568 811 622 Luna
828 574 966 633 moneret;

176 648 274 712 Quo
253 665 330 715 srgno
350 646 479 699 caderent
499 649 585 699 austri
562 646 690 714 ri;quid
709 663 789 714 saepe
808 647 932 701 videntes

176 724 321 792 Agricolae
340 725 451 792 propius
473 723 586 776 stabulis
606 727 729 776 amnenta
747 727 881 779 tenerent.
999 738 1035 776 sss

176 801 316 865 Continuo,
336 801 423 854 ventis
443 799 624 868 surgentibus,
645 804 693 852 ant
710 800 782 853 freta
799 803 874 870 ponti

177 877 313 946 Incipiunt
332 878 436 945 agitata
455 880 608 930 tumescere
628 879 656 930 et
674 877 767 929 andus
785 877 847 930 altis

175 953 317 1008 Montibus
337 953 425 1006 audiri
446 953 544 1020 fragor,
565 956 613 1006 ant
631 955 786 1006 resonantia
805 953 884 1021 longe

176 1029 275 1084 Litora
289 1030 395 1083 misceri
417 1033 446 1082 et
463 1045 604 1082 nemorum
623 1027 810 1082 increbescere
828 1047 957 1082 murmur.

176 1107 235 1160 lam
256 1106 305 1160 sibi
324 1111 384 1160 tum
404 1107 492 1160 curvis
511 1106 582 1159 male
600 1109 737 1174 temperat
754 1106 829 1160 unda
846 1107 950 1172 carinis,
998 1119 1034 1158 aar

176 1184 243 1238 Cum
263 1183 353 1236 medio
373 1182 475 1236 celeres
494 1183 617 1236 revolant
635 1199 669 1235 cx
688 1199 808 1251 aequore
826 1184 911 1250 mergi

176 1260 383 1328 Clamoremqno
402 1259 493 1312 icrunt
512 1258 548 1311 ad
567 1259 654 1326 litora,
675 1276 792 1328 eumque
809 1261 929 1314 marinae

179 1337 210 1392 ln
228 1337 296 1389 sicco
316 1335 415 1388 ludunt
433 1335 537 1401 fulicae,
557 1339 689 1404 notasque
707 1336 814 1404 paludis

178 1413 284 1466 Deserit
304 1416 388 1480 atquo
406 1412 489 1464 altam
508 1428 590 1479 snpra
609 1411 682 1465 volat
700 1412 783 1466 ardea
801 1413 907 1466 nubem.

176 1490 262 1557 Saepe
282 1489 364 1542 ctiam
383 1488 484 1555 stellas,
500 1491 584 1545 ,vento
603 1489 777 1556 inpendente,
795 1489 900 1542 videbis
997 1503 1033 1542 aas

178 1566 335 1634 Praecipitis
356 1565 430 1617 caelo
449 1563 511 1631 labi,
530 1566 671 1633 noctisque
689 1582 739 1633 per
757 1565 881 1619 umbram

177 1643 360 1696 Flammarum
380 1640 474 1707 longos
497 1657 513 1693 a
530 1643 608 1708 tergo
627 1641 765 1696 albescere
783 1646 901 1707 traetns;

176 1719 262 1788 Saepe
281 1717 368 1772 levem
388 1717 494 1786 paleam
513 1721 541 1769 et
559 1717 669 1771 frondes
688 1719 801 1772 volitare
819 1719 940 1785 caducas,

177 1799 235 1849 Aut
254 1811 358 1850 summa
377 1794 467 1846 nantis
485 1794 512 1845 in
532 1811 602 1862 aqua
620 1795 756 1848 colludere
774 1796 885 1864 plumas.

176 1873 216 1925 At
237 1873 340 1925 Boreae
359 1871 394 1924 do
412 1874 491 1939 parte
510 1871 593 1924 trucis
612 1889 672 1924 cum
690 1872 822 1938 fulminat,
841 1876 948 1925 etcum
994 1887 1031 1926 ³70

175 1947 294 2016 Eurique
314 1947 484 2016 Zephvriqne
504 1951 581 2000 tonat
601 1947 709 2000 donnrs:
734 1949 823 2002 omnia
840 1948 926 2017 plenis

176 2023 250 2076 Rura
268 2029 315 2076 nat
316 2030 363 2076 ant
376 2025 468 2099 fossis,
488 2027 571 2090 atque
590 2024 675 2076 omnis
692 2026 784 2078 navita
801 2028 885 2094 ponto

176 2100 297 2152 Humida
316 2100 375 2153 vela
392 2099 465 2166 legit
507 2099 661 2167 Numquam
679 2100 887 2168 inprudentibus
904 2099 992 2152 imber

175 2175 283 2230 Obfnit:
309 2180 356 2229 aut
344 2177 448 2229 tillum
469 2180 626 2242 surgentem
645 2176 783 2229 vallibus
776 2178 836 2229 nnis

176 2253 274 2306 neriae
292 2253 387 2320 ingero
405 2269 494 2319 grues,
514 2255 562 2303 aut
580 2250 677 2304 bucula
696 2253 798 2305 caelum
994 2266 1029 2306 ³7⁵

174 2327 326 2396 Suspicione
344 2328 444 2397 patulis
464 2327 584 2395 captavit
603 2328 712 2381 naribus
730 2346 817 2396 auras,

175 2407 233 2457 Aut
250 2409 348 2472 arguta
365 2403 438 2457 lacus
459 2404 683 2458 circumvolitavit
700 2405 823 2468 hirumln,

174 2480 210 2534 llt
228 2486 350 2534 veterem
366 2482 394 2534 in
414 2481 477 2534 limo
496 2498 578 2534 ranae
596 2481 718 2536 cecinere
736 2483 881 2549 querelam.

173 2557 286 2626 Saepius
303 2561 332 2611 et
350 2559 430 2611 tectis
449 2557 634 2627 penetralibus
652 2559 752 2612 extulit
770 2576 820 2612 ova

174 2634 330 2701 Angustum
347 2635 459 2688 formica
479 2639 573 2688 terens
591 2635 652 2704 iter,
671 2640 700 2689 et
717 2636 788 2690 bibit
804 2637 899 2704 ingens
993 2651 1028 2688 ssu

174 2711 270 2778 Arcus,
288 2716 317 2764 et
335 2729 350 2765 e
369 2717 449 2780 pastu
470 2711 606 2765 decedens
624 2713 730 2780 agmine
748 2729 846 2780 magno

174 2786 322 2842 Corvornm
339 2790 474 2857 increpuit
494 2788 584 2840 densis
603 2789 738 2842 exercitus
755 2788 811 2842 alis.

175 2863 233 2915 lam
251 2867 339 2918 varias
356 2867 443 2935 pelagi
464 2866 592 2932 volucres,
613 2871 641 2919 et
661 2883 730 2934 qnae
751 2867 817 2920 Asia
834 2865 934 2918 circum

174 2938 304 2994 Dulcibus
322 2944 348 2994 in
369 2945 470 3010 stagnis
492 2945 623 2997 rimantur
642 2947 721 3014 prata
740 2943 853 3012 Caystri,

174 3016 306 3072 Certatim
325 3021 420 3089 largos
432 3020 552 3075 humeris
570 3021 711 3074 infundere
730 3036 812 3086 rores,
989 3033 1026 3070 ass

173 3093 251 3149 Nunc
269 3103 351 3167 eaput
371 3098 507 3152 obiectare
525 3099 609 3164 fretis,
629 3115 699 3151 nvrrrc
717 3113 826 3151 currere
843 3095 870 3147 in
889 3094 983 3161 undas,

173 3170 208 3223 lit
227 3175 317 3228 studio
336 3176 470 3228 ineassum
489 3173 581 3226 videas
599 3175 700 3242 gestire
719 3173 832 3226 lavandi.

173 3248 241 3306 Tum
260 3253 351 3306 cornix
370 3251 452 3320 plena
469 3249 586 3318 pluviam
604 3253 682 3304 vocat
699 3250 813 3320 inproba
831 3266 895 3304 voce
