2266 3562
139 157 167 205 14
363 158 392 206 P.
418 155 572 206 VERGILI
594 156 759 205 MARONIs

135 235 292 291 Perducant
310 235 418 304 aliquae
436 236 544 291 stabula
562 237 597 290 ad
616 237 748 305 Gortynia
765 252 870 292 vaccae.
963 250 989 292 ω

134 313 202 367 Τιιιιι
220 313 294 367 canit
314 312 497 381 Hesperidum
517 313 642 366 miratam
661 314 731 367 mala
748 313 881 381 puellam;

134 389 201 442 Tum
222 388 454 442 Phaethontiadas
472 405 565 442 musco
582 389 732 443 circumdat
750 405 859 442 amarae

134 465 257 533 Cortieis
276 470 360 534 atque
377 465 434 518 selo
451 481 579 533 proceras
597 465 680 533 erigit
697 467 780 522 alnos.

132 540 201 595 Tum
218 541 300 609 canit,
318 545 455 595 ananiam
475 542 610 595 Permessi
628 543 665 595 ad
682 542 794 597 flumina
812 544 921 598 Gallum

132 619 225 671 Aonas
243 617 272 670 in
290 618 389 670 mentis
408 621 439 671 ut
458 615 568 670 duxerit
585 635 640 671 una
657 635 788 689 sororum,
960 637 984 674 os
1047 630 1050 635 '

132 693 226 762 thue
244 694 302 746 viro
322 693 425 746 Phoebi
444 693 542 747 chorus
560 694 747 748 adsurrexerit
764 700 867 761 ornnis;

131 771 171 824 Ut
190 770 274 823 Linus
291 769 358 822 haee
377 769 425 837 illi,
443 770 534 823 divino
552 771 670 823 carmine
687 775 788 839 paster‚'

132 845 256 899 Floribus
274 849 359 914 atque
377 846 438 914 apio
451 846 539 900 ¹crinis
558 843 670 900 ornatus
688 863 786 912 amaro,

131 921 255 976 Dixerit:
276 922 336 976 Hes
353 921 404 976 tibi
423 923 489 976 dant
507 922 630 991 calamos,
649 940 683 976 en
701 925 797 993 accipe,
818 927 923 992 Musae,

132 1001 250 1052 Ascraeo
268 1015 337 1067 ques
355 1003 419 1052 ante
438 999 504 1067 seni,
523 998 622 1067 quibus
640 999 687 1052 ille
706 1000 810 1054 solebat
957 1016 982 1058 re

130 1074 271 1128 Cantando
289 1074 392 1142 rigidas
410 1075 546 1128 deducere
564 1075 702 1128 mentibus
721 1093 800 1130 ornes

130 1150 182 1204 His
200 1150 252 1204 tibi
271 1150 371 1217 Grynei
390 1151 508 1204 nemoris
526 1150 634 1204 dicatur
651 1152 734 1220 origo,

129 1227 171 1280 Ne
190 1227 251 1296 quis
269 1227 305 1280 sit
323 1226 406 1294 lucus,
425 1244 478 1294 que
497 1245 526 1280 se
544 1228 604 1294 plus
622 1229 706 1282 iactet
725 1230 830 1297 Apollo.

129 1303 201 1367 Quid
218 1303 321 1371 loquar,
339 1307 387 1356 aut
406 1302 519 1369 Scyllam
540 1303 606 1372 Nisi,
625 1321 706 1372 quam
724 1304 797 1357 faura
815 1311 907 1361 secuta
927 1311 969 1363 est

128 1379 252 1432 Candida
270 1379 434 1432 succinctam
453 1379 616 1432 latrantibus
634 1380 746 1447 inguina
763 1383 892 1436 monstris
955 1398 980 1440 tt

128 1453 266 1508 Dulichias
284 1471 397 1508 vexasse
415 1459 489 1507 rates
508 1460 536 1508 et
553 1455 663 1522 gurgite
681 1457 710 1508 in
728 1455 783 1510 alto

129 1531 187 1586 Ah!
207 1532 319 1586 timidos
336 1535 433 1584 nautas
451 1531 561 1585 canibus
580 1532 713 1586 lacerasse
731 1533 852 1600 marinis,

128 1611 187 1662 Aut
205 1611 237 1661 ut
254 1611 375 1661 mutatos
393 1607 471 1661 Terei
490 1609 642 1662 narraverit
659 1613 743 1678 artus,

128 1684 200 1748 Quas
218 1685 258 1737 illi
276 1684 425 1738 Philomela
443 1685 539 1753 dapes,
558 1702 628 1754 quae
648 1686 718 1738 dona
735 1689 846 1754 pararit,

129 1760 187 1824 Quo
205 1778 286 1814 cursu
305 1761 415 1814 deserta
433 1760 570 1830 petiverit,
589 1765 617 1815 et
636 1760 735 1830 quibus
753 1766 817 1816 ante
955 1781 980 1820 sa

128 1837 227 1891 Infelix
245 1853 294 1890 sua
311 1841 385 1890 tecta
403 1837 640 1905 supervolitaverit
658 1837 729 1892 alisi

127 1912 231 1981 Omnia,
250 1931 327 1981 quae,
348 1912 457 1966 Phoebe
477 1913 614 1982 quendam
634 1913 793 1980 meditante,
812 1916 911 1970 heatus

128 1990 226 2042 Audiit
245 1989 362 2043 Eurotas
379 1989 512 2056 iussitque
530 1988 652 2043 ediscere
670 1990 768 2057 laurus,

128 2065 179 2118 Ille
197 2067 287 2118 canit:
304 2066 397 2133 pulsae
416 2065 539 2118 referunt
558 2065 593 2118 ad
613 2064 703 2119 sidera
721 2067 821 2129 valles3

127 2141 231 2210 Cogere
249 2140 334 2194 donee
352 2142 408 2195 ovis
427 2141 542 2194 stabulis
561 2158 758 2211 numerumque
777 2139 874 2198 referri
954 2159 978 2198 ιιι

127 2215 212 2270 Iussit
230 2221 258 2270 et
275 2216 360 2270 invite
377 2219 509 2286 processit
528 2217 636 2286 Vesper
653 2217 775 2286 Olympo.

409 2384 594 2444 ECLOGA
618 2387 694 2444 VII.

441 2488 659 2540 MELIBOEUS.

310 2593 478 2633 naurneaus.
503 2594 641 2634 cenxneu.
667 2597 792 2638 urrvxsrs.

126 2669 166 2726 M.
187 2672 281 2727 Fenru
301 2674 351 2728 sub
369 2679 466 2742 arguta
484 2676 646 2730 consederat
664 2676 725 2730 ilice
745 2678 874 2746 Daphnis,

126 2749 374 2818 compulerantque
391 2767 489 2818 greges
508 2750 635 2820 Corydon
654 2755 683 2806 et
702 2753 811 2820 Thyrsis
829 2755 856 2806 in
874 2770 966 2822 unum,

125 2823 235 2892 Thyrsis
253 2826 318 2885 evis,
338 2826 463 2894 Corydon
482 2827 618 2882 distentas
637 2828 707 2881 lactc
726 2829 850 2897 capellas,

127 2899 216 2953 Ambe
234 2901 361 2956 florentes
380 2903 525 2970 aetatibus,
547 2907 670 2957 Arcades
689 2903 775 2972 arabe,

126 2975 162 3029 lit
180 2982 290 3032 eantare
309 2996 395 3048 pares,
413 2985 443 3034 et
461 2979 628 3048 respondere
646 2981 742 3048 parati.
965 2998 978 3036 ι

127 3050 188 3107 Huc
207 3055 279 3120 mihi,
298 3056 363 3110 dum
382 3062 491 3111 teneras
510 3056 629 3109 defendo
646 3073 662 3108 a
680 3056 780 3124 frigere
799 3063 908 3127 myrtos,

126 3125 176 3183 Vir
187 3133 278 3201 gregis
290 3133 349 3202 ipse
361 3151 445 3203 caper.
454 3134 644 3198 deerraverat;
662 3136 745 3200 atque
758 3150 808 3202 ege
822 3134 958 3202 Daphnim

130 3207 245 3276 Aspicie.
282 3210 334 3266 Ille
352 3210 399 3265 ubi
417 3227 460 3263 me
478 3213 574 3263 centra
591 3207 685 3262 videt:
704 3208 794 3277 Ocius,
813 3209 909 3278 inquit,
