<?xml version="1.0" encoding="UTF-8"?>
<!DOCTYPE html PUBLIC "-//W3C//DTD XHTML 1.0 Transitional//EN"
    "http://www.w3.org/TR/xhtml1/DTD/xhtml1-transitional.dtd">
<html xmlns="http://www.w3.org/1999/xhtml" xml:lang="en" lang="en">
 <head>
  <title>
</title>
<meta http-equiv="Content-Type" content="text/html;charset=utf-8" />
  <meta name='ocr-system' content='tesseract 3.04.00' />
  <meta name='ocr-capabilities' content='ocr_page ocr_carea ocr_par ocr_line ocrx_word'/>
</head>
<body>
  <div class='ocr_page' id='page_1' title='image "./operaexrecensio01virggoog_0074.png"; bbox 0 0 2266 3562; ppageno 0'>
   <div class='ocr_carea' id='block_1_1' title="bbox 408 143 1012 200">
    <p class='ocr_par' dir='ltr' id='par_1_1' title="bbox 408 143 1012 200">
     <span class='ocr_line' id='line_1_1' title="bbox 408 143 1012 200; baseline 0 -8"><span class='ocrx_word' id='word_1_1' title='bbox 408 143 611 200; x_wconf 81' lang='lat' dir='ltr'>GEORGIGON</span> <span class='ocrx_word' id='word_1_2' title='bbox 629 145 698 193; x_wconf 85' lang='lat' dir='ltr'>LIB.</span> <span class='ocrx_word' id='word_1_3' title='bbox 718 145 769 194; x_wconf 91' lang='lat' dir='ltr'>III.</span> <span class='ocrx_word' id='word_1_4' title='bbox 981 146 1012 192; x_wconf 79' lang='lat'>63</span> 
     </span>
    </p>
   </div>
   <div class='ocr_carea' id='block_1_2' title="bbox 158 225 1015 3292">
    <p class='ocr_par' dir='ltr' id='par_1_2' title="bbox 158 225 827 298">
     <span class='ocr_line' id='line_1_2' title="bbox 158 225 827 298; baseline -0.009 -14"><span class='ocrx_word' id='word_1_5' title='bbox 158 231 294 298; x_wconf 81' lang='lat' dir='ltr'>Squamea</span> <span class='ocrx_word' id='word_1_6' title='bbox 311 226 472 280; x_wconf 83' lang='lat' dir='ltr'>convolvens</span> <span class='ocrx_word' id='word_1_7' title='bbox 491 225 599 280; x_wconf 85' lang='lat' dir='ltr'>sublato</span> <span class='ocrx_word' id='word_1_8' title='bbox 617 229 729 295; x_wconf 79' lang='lat' dir='ltr'><strong>pectore</strong></span> <span class='ocrx_word' id='word_1_9' title='bbox 747 229 827 294; x_wconf 75' lang='lat' dir='ltr'>terga</span> 
     </span>
    </p>

    <p class='ocr_par' dir='ltr' id='par_1_3' title="bbox 160 302 925 374">
     <span class='ocr_line' id='line_1_3' title="bbox 160 302 925 374; baseline -0.01 -12"><span class='ocrx_word' id='word_1_10' title='bbox 160 309 253 374; x_wconf 80' lang='lat' dir='ltr'><strong>Atque</strong></span> <span class='ocrx_word' id='word_1_11' title='bbox 268 303 344 372; x_wconf 89' lang='lat' dir='ltr'>notis</span> <span class='ocrx_word' id='word_1_12' title='bbox 362 303 470 370; x_wconf 85' lang='lat' dir='ltr'>longam</span> <span class='ocrx_word' id='word_1_13' title='bbox 489 303 641 359; x_wconf 87' lang='lat' dir='ltr'>maculosus</span> <span class='ocrx_word' id='word_1_14' title='bbox 658 302 809 370; x_wconf 82' lang='lat' dir='ltr'>grandibus</span> <span class='ocrx_word' id='word_1_15' title='bbox 827 302 925 363; x_wconf 86' lang='lat' dir='ltr'>alvum,</span> 
     </span>
    </p>

    <p class='ocr_par' dir='ltr' id='par_1_4' title="bbox 159 375 936 448">
     <span class='ocr_line' id='line_1_4' title="bbox 159 375 936 448; baseline -0.01 -13"><span class='ocrx_word' id='word_1_16' title='bbox 159 383 219 448; x_wconf 83' lang='lat' dir='ltr'>Qui,</span> <span class='ocrx_word' id='word_1_17' title='bbox 239 381 304 434; x_wconf 89' lang='lat' dir='ltr'>dum</span> <span class='ocrx_word' id='word_1_18' title='bbox 323 397 416 434; x_wconf 87' lang='lat' dir='ltr'>amnes</span> <span class='ocrx_word' id='word_1_19' title='bbox 434 380 482 433; x_wconf 89' lang='lat' dir='ltr'>ulli</span> <span class='ocrx_word' id='word_1_20' title='bbox 501 384 665 448; x_wconf 90' lang='lat' dir='ltr'>rumpuntur</span> <span class='ocrx_word' id='word_1_21' title='bbox 683 378 805 432; x_wconf 84' lang='lat' dir='ltr'>fontibus</span> <span class='ocrx_word' id='word_1_22' title='bbox 824 381 852 432; x_wconf 82' lang='lat' dir='ltr'>et</span> <span class='ocrx_word' id='word_1_23' title='bbox 870 375 936 429; x_wconf 90' lang='lat' dir='ltr'>dnm</span> 
     </span>
    </p>

    <p class='ocr_par' dir='ltr' id='par_1_5' title="bbox 159 455 904 524">
     <span class='ocr_line' id='line_1_5' title="bbox 159 455 904 524; baseline -0.005 -14"><span class='ocrx_word' id='word_1_24' title='bbox 159 459 232 512; x_wconf 85' lang='lat' dir='ltr'>Vere</span> <span class='ocrx_word' id='word_1_25' title='bbox 250 457 363 510; x_wconf 90' lang='lat' dir='ltr'>madent</span> <span class='ocrx_word' id='word_1_26' title='bbox 382 457 436 510; x_wconf 92' lang='lat' dir='ltr'>udo</span> <span class='ocrx_word' id='word_1_27' title='bbox 454 461 546 510; x_wconf 88' lang='lat' dir='ltr'>terrac</span> <span class='ocrx_word' id='word_1_28' title='bbox 565 473 596 510; x_wconf 87' lang='lat' dir='ltr'>ac</span> <span class='ocrx_word' id='word_1_29' title='bbox 614 456 778 524; x_wconf 82' lang='lat' dir='ltr'>pluvialibus</span> <span class='ocrx_word' id='word_1_30' title='bbox 796 455 904 522; x_wconf 76' lang='lat' dir='ltr'>avistris,</span> 
     </span>
    </p>

    <p class='ocr_par' dir='ltr' id='par_1_6' title="bbox 158 533 1012 604">
     <span class='ocr_line' id='line_1_6' title="bbox 158 533 1012 604; baseline -0.006 -15"><span class='ocrx_word' id='word_1_31' title='bbox 158 537 260 604; x_wconf 81' lang='lat' dir='ltr'>Stagna</span> <span class='ocrx_word' id='word_1_32' title='bbox 278 535 349 600; x_wconf 92' lang='lat' dir='ltr'>colit,</span> <span class='ocrx_word' id='word_1_33' title='bbox 367 535 489 602; x_wconf 80' lang='lat' dir='ltr'><strong>ripisque</strong></span> <span class='ocrx_word' id='word_1_34' title='bbox 507 535 640 596; x_wconf 76' lang='lat' dir='ltr'>habitans,</span> <span class='ocrx_word' id='word_1_35' title='bbox 658 535 701 587; x_wconf 92' lang='lat' dir='ltr'>hic</span> <span class='ocrx_word' id='word_1_36' title='bbox 719 533 839 603; x_wconf 84' lang='lat' dir='ltr'><strong>piscibus</strong></span> <span class='ocrx_word' id='word_1_37' title='bbox 856 537 945 586; x_wconf 85' lang='lat' dir='ltr'>atram</span> <span class='ocrx_word' id='word_1_38' title='bbox 975 547 1012 584; x_wconf 74' lang='lat' dir='ltr'>sse</span> 
     </span>
    </p>

    <p class='ocr_par' dir='ltr' id='par_1_7' title="bbox 160 611 907 682">
     <span class='ocr_line' id='line_1_7' title="bbox 160 611 907 682; baseline -0.003 -16"><span class='ocrx_word' id='word_1_39' title='bbox 160 613 294 681; x_wconf 89' lang='lat' dir='ltr'>lnprobus</span> <span class='ocrx_word' id='word_1_40' title='bbox 312 611 459 681; x_wconf 83' lang='lat' dir='ltr'>ingluviem</span> <span class='ocrx_word' id='word_1_41' title='bbox 478 611 607 680; x_wconf 86' lang='lat' dir='ltr'>ranisque</span> <span class='ocrx_word' id='word_1_42' title='bbox 625 611 783 680; x_wconf 83' lang='lat' dir='ltr'>loquacibus</span> <span class='ocrx_word' id='word_1_43' title='bbox 802 612 907 682; x_wconf 89' lang='lat' dir='ltr'>explet;</span> 
     </span>
    </p>

    <p class='ocr_par' dir='ltr' id='par_1_8' title="bbox 160 689 977 758">
     <span class='ocr_line' id='line_1_8' title="bbox 160 689 977 758; baseline -0.005 -16"><span class='ocrx_word' id='word_1_44' title='bbox 160 689 309 758; x_wconf 89' lang='lat' dir='ltr'>Postquam</span> <span class='ocrx_word' id='word_1_45' title='bbox 328 693 425 744; x_wconf 85' lang='lat' dir='ltr'>exusta</span> <span class='ocrx_word' id='word_1_46' title='bbox 442 689 528 758; x_wconf 88' lang='lat' dir='ltr'>palus,</span> <span class='ocrx_word' id='word_1_47' title='bbox 546 692 693 757; x_wconf 86' lang='lat' dir='ltr'>terraeque</span> <span class='ocrx_word' id='word_1_48' title='bbox 711 690 809 743; x_wconf 85' lang='lat' dir='ltr'>ardore</span> <span class='ocrx_word' id='word_1_49' title='bbox 827 689 977 751; x_wconf 79' lang='lat' dir='ltr'>dehiscunt,</span> 
     </span>
    </p>

    <p class='ocr_par' dir='ltr' id='par_1_9' title="bbox 160 767 930 834">
     <span class='ocr_line' id='line_1_9' title="bbox 160 767 930 834; baseline -0.003 -15"><span class='ocrx_word' id='word_1_50' title='bbox 160 767 257 820; x_wconf 85' lang='lat' dir='ltr'>Exsilit</span> <span class='ocrx_word' id='word_1_51' title='bbox 275 768 302 820; x_wconf 94' lang='lat' dir='ltr'>in</span> <span class='ocrx_word' id='word_1_52' title='bbox 321 767 428 831; x_wconf 88' lang='lat' dir='ltr'>siccum,</span> <span class='ocrx_word' id='word_1_53' title='bbox 448 771 477 820; x_wconf 88' lang='lat' dir='ltr'>et</span> <span class='ocrx_word' id='word_1_54' title='bbox 495 767 662 820; x_wconf 87' lang='lat' dir='ltr'>flammantia</span> <span class='ocrx_word' id='word_1_55' title='bbox 681 767 782 820; x_wconf 85' lang='lat' dir='ltr'>lumina</span> <span class='ocrx_word' id='word_1_56' title='bbox 800 771 930 834; x_wconf 86' lang='lat' dir='ltr'>torquens</span> 
     </span>
    </p>

    <p class='ocr_par' dir='ltr' id='par_1_10' title="bbox 159 844 942 913">
     <span class='ocr_line' id='line_1_10' title="bbox 159 844 942 913; baseline -0.005 -16"><span class='ocrx_word' id='word_1_57' title='bbox 159 844 252 897; x_wconf 83' lang='lat' dir='ltr'>Saevit</span> <span class='ocrx_word' id='word_1_58' title='bbox 269 845 349 912; x_wconf 86' lang='lat' dir='ltr'>agris,</span> <span class='ocrx_word' id='word_1_59' title='bbox 368 861 504 913; x_wconf 81' lang='lat' dir='ltr'>asperque</span> <span class='ocrx_word' id='word_1_60' title='bbox 523 844 568 896; x_wconf 90' lang='lat' dir='ltr'>siti</span> <span class='ocrx_word' id='word_1_61' title='bbox 587 849 671 912; x_wconf 88' lang='lat' dir='ltr'>atque</span> <span class='ocrx_word' id='word_1_62' title='bbox 690 844 839 896; x_wconf 83' lang='lat' dir='ltr'>exterritus</span> <span class='ocrx_word' id='word_1_63' title='bbox 857 845 942 894; x_wconf 88' lang='lat' dir='ltr'>aestu.</span> 
     </span>
    </p>

    <p class='ocr_par' dir='ltr' id='par_1_11' title="bbox 159 920 1011 989">
     <span class='ocr_line' id='line_1_11' title="bbox 159 920 1011 989; baseline -0.005 -16"><span class='ocrx_word' id='word_1_64' title='bbox 159 920 184 972; x_wconf 88' lang='lat' dir='ltr'>N</span> <span class='ocrx_word' id='word_1_65' title='bbox 187 937 217 974; x_wconf 92' lang='lat' dir='ltr'>ec</span> <span class='ocrx_word' id='word_1_66' title='bbox 236 922 301 974; x_wconf 92' lang='lat' dir='ltr'>mihi</span> <span class='ocrx_word' id='word_1_67' title='bbox 319 926 379 974; x_wconf 85' lang='lat' dir='ltr'>tum</span> <span class='ocrx_word' id='word_1_68' title='bbox 397 921 485 975; x_wconf 89' lang='lat' dir='ltr'>mollis</span> <span class='ocrx_word' id='word_1_69' title='bbox 504 921 554 974; x_wconf 91' lang='lat' dir='ltr'>sub</span> <span class='ocrx_word' id='word_1_70' title='bbox 573 921 636 974; x_wconf 89' lang='lat' dir='ltr'>divo</span> <span class='ocrx_word' id='word_1_71' title='bbox 654 939 766 989; x_wconf 88' lang='lat' dir='ltr'>carpere</span> <span class='ocrx_word' id='word_1_72' title='bbox 784 936 897 982; x_wconf 87' lang='lat' dir='ltr'>somnos,</span> <span class='ocrx_word' id='word_1_73' title='bbox 976 929 1011 969; x_wconf 60' lang='lat' dir='ltr'>Aa</span> 
     </span>
    </p>

    <p class='ocr_par' dir='ltr' id='par_1_12' title="bbox 159 997 916 1066">
     <span class='ocr_line' id='line_1_12' title="bbox 159 997 916 1066; baseline -0.001 -16"><span class='ocrx_word' id='word_1_74' title='bbox 159 997 221 1050; x_wconf 90' lang='lat' dir='ltr'>Neu</span> <span class='ocrx_word' id='word_1_75' title='bbox 239 998 319 1052; x_wconf 91' lang='lat' dir='ltr'>dorso</span> <span class='ocrx_word' id='word_1_76' title='bbox 337 999 455 1051; x_wconf 86' lang='lat' dir='ltr'>nemoris</span> <span class='ocrx_word' id='word_1_77' title='bbox 473 999 557 1051; x_wconf 87' lang='lat' dir='ltr'>libeat</span> <span class='ocrx_word' id='word_1_78' title='bbox 575 998 689 1051; x_wconf 89' lang='lat' dir='ltr'>iacuisse</span> <span class='ocrx_word' id='word_1_79' title='bbox 707 1015 757 1066; x_wconf 89' lang='lat' dir='ltr'>per</span> <span class='ocrx_word' id='word_1_80' title='bbox 774 997 879 1063; x_wconf 85' lang='lat' dir='ltr'>herbas,</span> <span class='ocrx_word' id='word_1_81' title='bbox 913 1015 916 1020; x_wconf 91' lang='lat'>·</span> 
     </span>
    </p>

    <p class='ocr_par' dir='ltr' id='par_1_13' title="bbox 159 1075 872 1144">
     <span class='ocr_line' id='line_1_13' title="bbox 159 1075 872 1144; baseline 0.003 -18"><span class='ocrx_word' id='word_1_82' title='bbox 159 1076 228 1126; x_wconf 78' lang='lat' dir='ltr'>Cum</span> <span class='ocrx_word' id='word_1_83' title='bbox 246 1075 342 1143; x_wconf 89' lang='lat' dir='ltr'>positis</span> <span class='ocrx_word' id='word_1_84' title='bbox 360 1093 446 1130; x_wconf 90' lang='lat' dir='ltr'>novus</span> <span class='ocrx_word' id='word_1_85' title='bbox 464 1075 568 1128; x_wconf 85' lang='lat' dir='ltr'>exuviis</span> <span class='ocrx_word' id='word_1_86' title='bbox 586 1075 744 1144; x_wconf 86' lang='lat' dir='ltr'>nitidusque</span> <span class='ocrx_word' id='word_1_87' title='bbox 762 1075 872 1128; x_wconf 85' lang='lat' dir='ltr'>iuventa</span> 
     </span>
    </p>

    <p class='ocr_par' dir='ltr' id='par_1_14' title="bbox 160 1150 895 1220">
     <span class='ocr_line' id='line_1_14' title="bbox 160 1150 895 1220; baseline 0 -17"><span class='ocrx_word' id='word_1_88' title='bbox 160 1150 292 1220; x_wconf 83' lang='lat' dir='ltr'>Volvitur,</span> <span class='ocrx_word' id='word_1_89' title='bbox 312 1157 360 1206; x_wconf 88' lang='lat' dir='ltr'>ant</span> <span class='ocrx_word' id='word_1_90' title='bbox 377 1155 481 1207; x_wconf 91' lang='lat' dir='ltr'>catulos</span> <span class='ocrx_word' id='word_1_91' title='bbox 500 1154 580 1207; x_wconf 87' lang='lat' dir='ltr'>tectis</span> <span class='ocrx_word' id='word_1_92' title='bbox 599 1159 647 1206; x_wconf 89' lang='lat' dir='ltr'>aut</span> <span class='ocrx_word' id='word_1_93' title='bbox 664 1169 715 1205; x_wconf 90' lang='lat' dir='ltr'>ova</span> <span class='ocrx_word' id='word_1_94' title='bbox 732 1153 895 1220; x_wconf 77' lang='lat' dir='ltr'>relinquens,</span> 
     </span>
    </p>

    <p class='ocr_par' dir='ltr' id='par_1_15' title="bbox 160 1227 1011 1382">
     <span class='ocr_line' id='line_1_15' title="bbox 160 1227 912 1298; baseline -0.003 -16"><span class='ocrx_word' id='word_1_95' title='bbox 160 1227 272 1282; x_wconf 82' lang='lat' dir='ltr'>Arduus</span> <span class='ocrx_word' id='word_1_96' title='bbox 290 1231 327 1284; x_wconf 87' lang='lat' dir='ltr'>ad</span> <span class='ocrx_word' id='word_1_97' title='bbox 345 1231 437 1297; x_wconf 84' lang='lat' dir='ltr'>solem,</span> <span class='ocrx_word' id='word_1_98' title='bbox 457 1233 486 1284; x_wconf 84' lang='lat' dir='ltr'>ct</span> <span class='ocrx_word' id='word_1_99' title='bbox 504 1231 604 1298; x_wconf 76' lang='lat' dir='ltr'>linguis</span> <span class='ocrx_word' id='word_1_100' title='bbox 622 1230 706 1282; x_wconf 80' lang='lat' dir='ltr'>micat</span> <span class='ocrx_word' id='word_1_101' title='bbox 724 1246 771 1282; x_wconf 86' lang='lat' dir='ltr'>ors</span> <span class='ocrx_word' id='word_1_102' title='bbox 788 1228 912 1282; x_wconf 79' lang='lat' dir='ltr'>trisulcis.</span> 
     </span>
     <span class='ocr_line' id='line_1_16' title="bbox 194 1305 1011 1382; baseline -0.004 -25"><span class='ocrx_word' id='word_1_103' title='bbox 194 1305 353 1360; x_wconf 88' lang='lat' dir='ltr'>Morborum</span> <span class='ocrx_word' id='word_1_104' title='bbox 372 1325 481 1376; x_wconf 87' lang='lat' dir='ltr'>quoque</span> <span class='ocrx_word' id='word_1_105' title='bbox 499 1311 528 1361; x_wconf 88' lang='lat' dir='ltr'>te</span> <span class='ocrx_word' id='word_1_106' title='bbox 546 1323 655 1361; x_wconf 85' lang='lat' dir='ltr'>caussas</span> <span class='ocrx_word' id='word_1_107' title='bbox 676 1310 705 1359; x_wconf 92' lang='lat' dir='ltr'>ct</span> <span class='ocrx_word' id='word_1_108' title='bbox 723 1307 800 1374; x_wconf 84' lang='lat' dir='ltr'>signa</span> <span class='ocrx_word' id='word_1_109' title='bbox 818 1305 928 1382; x_wconf 82' lang='lat' dir='ltr'>docebo.</span> <span class='ocrx_word' id='word_1_110' title='bbox 976 1315 1011 1354; x_wconf 70' lang='lat' dir='ltr'>cro</span> 
     </span>
    </p>

    <p class='ocr_par' dir='ltr' id='par_1_16' title="bbox 160 1381 899 1453">
     <span class='ocr_line' id='line_1_17' title="bbox 160 1381 899 1453; baseline 0.001 -19"><span class='ocrx_word' id='word_1_111' title='bbox 160 1381 257 1450; x_wconf 82' lang='lat' dir='ltr'>Turpis</span> <span class='ocrx_word' id='word_1_112' title='bbox 274 1383 331 1436; x_wconf 87' lang='lat' dir='ltr'>ovis</span> <span class='ocrx_word' id='word_1_113' title='bbox 349 1388 468 1453; x_wconf 87' lang='lat' dir='ltr'>temptat</span> <span class='ocrx_word' id='word_1_114' title='bbox 486 1385 596 1449; x_wconf 81' lang='lat' dir='ltr'>scabies,</span> <span class='ocrx_word' id='word_1_115' title='bbox 614 1385 662 1438; x_wconf 92' lang='lat' dir='ltr'>ubi</span> <span class='ocrx_word' id='word_1_116' title='bbox 679 1384 794 1453; x_wconf 86' lang='lat' dir='ltr'>frigidus</span> <span class='ocrx_word' id='word_1_117' title='bbox 812 1381 899 1436; x_wconf 83' lang='lat' dir='ltr'>irubcr</span> 
     </span>
    </p>

    <p class='ocr_par' dir='ltr' id='par_1_17' title="bbox 160 1457 811 1530">
     <span class='ocr_line' id='line_1_18' title="bbox 160 1457 811 1530; baseline 0.008 -21"><span class='ocrx_word' id='word_1_118' title='bbox 160 1457 253 1510; x_wconf 84' lang='lat' dir='ltr'>Altius</span> <span class='ocrx_word' id='word_1_119' title='bbox 271 1459 307 1512; x_wconf 90' lang='lat' dir='ltr'>ad</span> <span class='ocrx_word' id='word_1_120' title='bbox 325 1461 414 1513; x_wconf 85' lang='lat' dir='ltr'>vivum</span> <span class='ocrx_word' id='word_1_121' title='bbox 432 1462 554 1530; x_wconf 77' lang='lat' dir='ltr'>persedit</span> <span class='ocrx_word' id='word_1_122' title='bbox 573 1468 601 1516; x_wconf 92' lang='lat' dir='ltr'>ct</span> <span class='ocrx_word' id='word_1_123' title='bbox 618 1462 729 1515; x_wconf 87' lang='lat' dir='ltr'>horrida</span> <span class='ocrx_word' id='word_1_124' title='bbox 746 1478 811 1515; x_wconf 87' lang='lat' dir='ltr'>cano</span> 
     </span>
    </p>

    <p class='ocr_par' dir='ltr' id='par_1_18' title="bbox 161 1535 860 1606">
     <span class='ocr_line' id='line_1_19' title="bbox 161 1535 860 1606; baseline 0.006 -19"><span class='ocrx_word' id='word_1_125' title='bbox 161 1535 264 1588; x_wconf 80' lang='lat' dir='ltr'>Bruma</span> <span class='ocrx_word' id='word_1_126' title='bbox 282 1537 353 1606; x_wconf 87' lang='lat' dir='ltr'>gelu,</span> <span class='ocrx_word' id='word_1_127' title='bbox 372 1539 414 1591; x_wconf 89' lang='lat' dir='ltr'>vel</span> <span class='ocrx_word' id='word_1_128' title='bbox 433 1556 494 1592; x_wconf 86' lang='lat' dir='ltr'>curn</span> <span class='ocrx_word' id='word_1_129' title='bbox 513 1540 599 1593; x_wconf 88' lang='lat' dir='ltr'>tonsis</span> <span class='ocrx_word' id='word_1_130' title='bbox 618 1540 718 1592; x_wconf 91' lang='lat' dir='ltr'>inlotus</span> <span class='ocrx_word' id='word_1_131' title='bbox 736 1538 860 1592; x_wconf 81' lang='lat' dir='ltr'>adhaesit</span> 
     </span>
    </p>

    <p class='ocr_par' dir='ltr' id='par_1_19' title="bbox 160 1611 837 1684">
     <span class='ocr_line' id='line_1_20' title="bbox 160 1611 837 1684; baseline 0.004 -20"><span class='ocrx_word' id='word_1_132' title='bbox 160 1611 258 1679; x_wconf 88' lang='lat' dir='ltr'>Sudor,</span> <span class='ocrx_word' id='word_1_133' title='bbox 276 1618 305 1667; x_wconf 92' lang='lat' dir='ltr'>et</span> <span class='ocrx_word' id='word_1_134' title='bbox 323 1615 422 1668; x_wconf 87' lang='lat' dir='ltr'>hirsuti</span> <span class='ocrx_word' id='word_1_135' title='bbox 441 1621 587 1670; x_wconf 89' lang='lat' dir='ltr'>secuerunt</span> <span class='ocrx_word' id='word_1_136' title='bbox 605 1632 718 1684; x_wconf 91' lang='lat' dir='ltr'>corpora</span> <span class='ocrx_word' id='word_1_137' title='bbox 735 1631 837 1682; x_wconf 89' lang='lat' dir='ltr'>vepres.</span> 
     </span>
    </p>

    <p class='ocr_par' dir='ltr' id='par_1_20' title="bbox 162 1688 1012 1762">
     <span class='ocr_line' id='line_1_21' title="bbox 162 1688 1012 1762; baseline 0.005 -22"><span class='ocrx_word' id='word_1_138' title='bbox 162 1688 294 1743; x_wconf 88' lang='lat' dir='ltr'>Dulcibus</span> <span class='ocrx_word' id='word_1_139' title='bbox 312 1691 413 1745; x_wconf 89' lang='lat' dir='ltr'>idcirco</span> <span class='ocrx_word' id='word_1_140' title='bbox 432 1693 521 1746; x_wconf 90' lang='lat' dir='ltr'>fluviis</span> <span class='ocrx_word' id='word_1_141' title='bbox 538 1711 621 1762; x_wconf 90' lang='lat' dir='ltr'>pecus</span> <span class='ocrx_word' id='word_1_142' title='bbox 640 1709 720 1744; x_wconf 90' lang='lat' dir='ltr'>omne</span> <span class='ocrx_word' id='word_1_143' title='bbox 738 1691 861 1758; x_wconf 84' lang='lat' dir='ltr'>magistri</span> <span class='ocrx_word' id='word_1_144' title='bbox 976 1704 1012 1744; x_wconf 72' lang='lat' dir='ltr'>ers</span> 
     </span>
    </p>

    <p class='ocr_par' dir='ltr' id='par_1_21' title="bbox 162 1760 827 1837">
     <span class='ocr_line' id='line_1_22' title="bbox 162 1760 827 1837; baseline 0.005 -20"><span class='ocrx_word' id='word_1_145' title='bbox 162 1760 340 1832; x_wconf 89' lang='lat' dir='ltr'>Perfundunt,</span> <span class='ocrx_word' id='word_1_146' title='bbox 359 1770 475 1837; x_wconf 90' lang='lat' dir='ltr'>udisque</span> <span class='ocrx_word' id='word_1_147' title='bbox 493 1771 563 1826; x_wconf 87' lang='lat' dir='ltr'>aries</span> <span class='ocrx_word' id='word_1_148' title='bbox 582 1771 610 1822; x_wconf 94' lang='lat' dir='ltr'>in</span> <span class='ocrx_word' id='word_1_149' title='bbox 628 1769 738 1837; x_wconf 84' lang='lat' dir='ltr'>gurgite</span> <span class='ocrx_word' id='word_1_150' title='bbox 756 1768 827 1821; x_wconf 91' lang='lat' dir='ltr'>villis</span> 
     </span>
    </p>

    <p class='ocr_par' dir='ltr' id='par_1_22' title="bbox 161 1839 837 1914">
     <span class='ocr_line' id='line_1_23' title="bbox 161 1839 837 1914; baseline 0.004 -20"><span class='ocrx_word' id='word_1_151' title='bbox 161 1839 306 1911; x_wconf 77' lang='lat' dir='ltr'>Mereatur,</span> <span class='ocrx_word' id='word_1_152' title='bbox 326 1847 479 1914; x_wconf 80' lang='lat' dir='ltr'>missusque</span> <span class='ocrx_word' id='word_1_153' title='bbox 498 1847 617 1900; x_wconf 90' lang='lat' dir='ltr'>secundo</span> <span class='ocrx_word' id='word_1_154' title='bbox 636 1846 732 1901; x_wconf 88' lang='lat' dir='ltr'>defluit</span> <span class='ocrx_word' id='word_1_155' title='bbox 750 1845 837 1909; x_wconf 87' lang='lat' dir='ltr'>omni;</span> 
     </span>
    </p>

    <p class='ocr_par' dir='ltr' id='par_1_23' title="bbox 162 1920 872 1992">
     <span class='ocr_line' id='line_1_24' title="bbox 162 1920 872 1992; baseline 0.01 -22"><span class='ocrx_word' id='word_1_156' title='bbox 162 1920 220 1972; x_wconf 89' lang='lat' dir='ltr'>Aut</span> <span class='ocrx_word' id='word_1_157' title='bbox 239 1923 348 1974; x_wconf 89' lang='lat' dir='ltr'>tonsum</span> <span class='ocrx_word' id='word_1_158' title='bbox 366 1923 441 1976; x_wconf 87' lang='lat' dir='ltr'>tristi</span> <span class='ocrx_word' id='word_1_159' title='bbox 459 1926 620 1992; x_wconf 76' lang='lat' dir='ltr'>contingunt</span> <span class='ocrx_word' id='word_1_160' title='bbox 638 1941 735 1992; x_wconf 87' lang='lat' dir='ltr'>corpus</span> <span class='ocrx_word' id='word_1_161' title='bbox 752 1939 872 1990; x_wconf 78' lang='lat' dir='ltr'>anrurga,</span> 
     </span>
    </p>

    <p class='ocr_par' dir='ltr' id='par_1_24' title="bbox 162 1995 835 2069">
     <span class='ocr_line' id='line_1_25' title="bbox 162 1995 835 2069; baseline 0.007 -22"><span class='ocrx_word' id='word_1_162' title='bbox 162 1995 198 2048; x_wconf 82' lang='lat' dir='ltr'>Et</span> <span class='ocrx_word' id='word_1_163' title='bbox 216 2013 325 2064; x_wconf 86' lang='lat' dir='ltr'>spumas</span> <span class='ocrx_word' id='word_1_164' title='bbox 343 1999 458 2053; x_wconf 86' lang='lat' dir='ltr'>miscent</span> <span class='ocrx_word' id='word_1_165' title='bbox 474 2001 582 2069; x_wconf 85' lang='lat' dir='ltr'>argenti</span> <span class='ocrx_word' id='word_1_166' title='bbox 600 2001 715 2068; x_wconf 89' lang='lat' dir='ltr'>vivaque</span> <span class='ocrx_word' id='word_1_167' title='bbox 733 2001 835 2054; x_wconf 84' lang='lat' dir='ltr'>sulfura</span> 
     </span>
    </p>

    <p class='ocr_par' dir='ltr' id='par_1_25' title="bbox 163 2071 1013 2146">
     <span class='ocr_line' id='line_1_26' title="bbox 163 2071 1013 2146; baseline 0.005 -22"><span class='ocrx_word' id='word_1_168' title='bbox 163 2071 316 2140; x_wconf 87' lang='lat' dir='ltr'>Idaeasque</span> <span class='ocrx_word' id='word_1_169' title='bbox 333 2076 407 2144; x_wconf 89' lang='lat' dir='ltr'>pices</span> <span class='ocrx_word' id='word_1_170' title='bbox 426 2080 454 2130; x_wconf 88' lang='lat' dir='ltr'>ct</span> <span class='ocrx_word' id='word_1_171' title='bbox 471 2078 580 2146; x_wconf 82' lang='lat' dir='ltr'>pinguis</span> <span class='ocrx_word' id='word_1_172' title='bbox 598 2079 717 2145; x_wconf 87' lang='lat' dir='ltr'>unguine</span> <span class='ocrx_word' id='word_1_173' title='bbox 735 2091 811 2130; x_wconf 89' lang='lat' dir='ltr'>ceras</span> <span class='ocrx_word' id='word_1_174' title='bbox 979 2089 1013 2128; x_wconf 78' lang='lat' dir='ltr'>sac</span> 
     </span>
    </p>

    <p class='ocr_par' dir='ltr' id='par_1_26' title="bbox 163 2148 973 2222">
     <span class='ocr_line' id='line_1_27' title="bbox 163 2148 973 2222; baseline 0.002 -20"><span class='ocrx_word' id='word_1_175' title='bbox 163 2148 326 2219; x_wconf 83' lang='lat' dir='ltr'>Scillanrquc</span> <span class='ocrx_word' id='word_1_176' title='bbox 345 2152 534 2221; x_wconf 88' lang='lat' dir='ltr'>elleborosque</span> <span class='ocrx_word' id='word_1_177' title='bbox 552 2155 642 2222; x_wconf 83' lang='lat' dir='ltr'>gravis</span> <span class='ocrx_word' id='word_1_178' title='bbox 661 2154 824 2221; x_wconf 82' lang='lat' dir='ltr'>nigrumque</span> <span class='ocrx_word' id='word_1_179' title='bbox 842 2152 973 2206; x_wconf 90' lang='lat' dir='ltr'>bitumen.</span> 
     </span>
    </p>

    <p class='ocr_par' dir='ltr' id='par_1_27' title="bbox 163 2225 989 2298">
     <span class='ocr_line' id='line_1_28' title="bbox 163 2225 989 2298; baseline 0.005 -20"><span class='ocrx_word' id='word_1_180' title='bbox 163 2225 224 2278; x_wconf 89' lang='lat' dir='ltr'>Non</span> <span class='ocrx_word' id='word_1_181' title='bbox 242 2232 333 2280; x_wconf 88' lang='lat' dir='ltr'>tamen</span> <span class='ocrx_word' id='word_1_182' title='bbox 351 2229 406 2281; x_wconf 88' lang='lat' dir='ltr'>ulla</span> <span class='ocrx_word' id='word_1_183' title='bbox 424 2231 510 2298; x_wconf 84' lang='lat' dir='ltr'>magis</span> <span class='ocrx_word' id='word_1_184' title='bbox 527 2247 654 2298; x_wconf 88' lang='lat' dir='ltr'>praesens</span> <span class='ocrx_word' id='word_1_185' title='bbox 672 2230 781 2282; x_wconf 88' lang='lat' dir='ltr'>fortuna</span> <span class='ocrx_word' id='word_1_186' title='bbox 799 2228 921 2282; x_wconf 88' lang='lat' dir='ltr'>laborum</span> <span class='ocrx_word' id='word_1_187' title='bbox 939 2232 989 2295; x_wconf 89' lang='lat' dir='ltr'>est,</span> 
     </span>
    </p>

    <p class='ocr_par' dir='ltr' id='par_1_28' title="bbox 164 2301 899 2374">
     <span class='ocr_line' id='line_1_29' title="bbox 164 2301 899 2374; baseline 0.005 -20"><span class='ocrx_word' id='word_1_188' title='bbox 164 2301 251 2365; x_wconf 86' lang='lat' dir='ltr'>Quam</span> <span class='ocrx_word' id='word_1_189' title='bbox 269 2304 292 2356; x_wconf 92' lang='lat' dir='ltr'>si</span> <span class='ocrx_word' id='word_1_190' title='bbox 311 2305 372 2372; x_wconf 89' lang='lat' dir='ltr'>quis</span> <span class='ocrx_word' id='word_1_191' title='bbox 392 2307 463 2358; x_wconf 83' lang='lat' dir='ltr'>l&#39;crro</span> <span class='ocrx_word' id='word_1_192' title='bbox 481 2306 572 2374; x_wconf 89' lang='lat' dir='ltr'>potuit</span> <span class='ocrx_word' id='word_1_193' title='bbox 590 2305 746 2359; x_wconf 89' lang='lat' dir='ltr'>rescindere</span> <span class='ocrx_word' id='word_1_194' title='bbox 765 2321 899 2358; x_wconf 90' lang='lat' dir='ltr'>summum</span> 
     </span>
    </p>

    <p class='ocr_par' dir='ltr' id='par_1_29' title="bbox 164 2377 832 2453">
     <span class='ocr_line' id='line_1_30' title="bbox 164 2377 832 2453; baseline 0.009 -23"><span class='ocrx_word' id='word_1_195' title='bbox 164 2377 270 2432; x_wconf 88' lang='lat' dir='ltr'>Ulceris</span> <span class='ocrx_word' id='word_1_196' title='bbox 288 2397 331 2434; x_wconf 92' lang='lat' dir='ltr'>os:</span> <span class='ocrx_word' id='word_1_197' title='bbox 351 2382 434 2434; x_wconf 91' lang='lat' dir='ltr'>alitur</span> <span class='ocrx_word' id='word_1_198' title='bbox 452 2385 548 2436; x_wconf 90' lang='lat' dir='ltr'>vitium</span> <span class='ocrx_word' id='word_1_199' title='bbox 567 2384 688 2453; x_wconf 88' lang='lat' dir='ltr'>vivitque</span> <span class='ocrx_word' id='word_1_200' title='bbox 706 2382 832 2450; x_wconf 85' lang='lat' dir='ltr'>tegendo,</span> 
     </span>
    </p>

    <p class='ocr_par' dir='ltr' id='par_1_30' title="bbox 165 2453 1013 2527">
     <span class='ocr_line' id='line_1_31' title="bbox 165 2453 1013 2527; baseline 0.008 -21"><span class='ocrx_word' id='word_1_201' title='bbox 165 2453 236 2508; x_wconf 81' lang='lat' dir='ltr'>llum</span> <span class='ocrx_word' id='word_1_202' title='bbox 255 2457 374 2510; x_wconf 85' lang='lat' dir='ltr'>medicas</span> <span class='ocrx_word' id='word_1_203' title='bbox 392 2459 524 2513; x_wconf 88' lang='lat' dir='ltr'>adhibere</span> <span class='ocrx_word' id='word_1_204' title='bbox 542 2477 637 2513; x_wconf 88' lang='lat' dir='ltr'>manus</span> <span class='ocrx_word' id='word_1_205' title='bbox 656 2460 691 2513; x_wconf 92' lang='lat' dir='ltr'>ad</span> <span class='ocrx_word' id='word_1_206' title='bbox 710 2461 820 2514; x_wconf 87' lang='lat' dir='ltr'>volnera</span> <span class='ocrx_word' id='word_1_207' title='bbox 837 2463 931 2527; x_wconf 85' lang='lat' dir='ltr'>pastor</span> <span class='ocrx_word' id='word_1_208' title='bbox 977 2473 1013 2513; x_wconf 69' lang='lat' dir='ltr'>aas</span> 
     </span>
    </p>

    <p class='ocr_par' dir='ltr' id='par_1_31' title="bbox 165 2531 920 2606">
     <span class='ocr_line' id='line_1_32' title="bbox 165 2531 920 2606; baseline 0.009 -23"><span class='ocrx_word' id='word_1_209' title='bbox 165 2531 301 2600; x_wconf 80' lang='lat' dir='ltr'>Abnegat,</span> <span class='ocrx_word' id='word_1_210' title='bbox 319 2538 367 2589; x_wconf 87' lang='lat' dir='ltr'>aut</span> <span class='ocrx_word' id='word_1_211' title='bbox 385 2536 498 2590; x_wconf 88' lang='lat' dir='ltr'>meliora</span> <span class='ocrx_word' id='word_1_212' title='bbox 515 2536 581 2590; x_wconf 90' lang='lat' dir='ltr'>deos</span> <span class='ocrx_word' id='word_1_213' title='bbox 599 2537 677 2591; x_wconf 85' lang='lat' dir='ltr'>sedet</span> <span class='ocrx_word' id='word_1_214' title='bbox 694 2539 783 2590; x_wconf 85' lang='lat' dir='ltr'>omina</span> <span class='ocrx_word' id='word_1_215' title='bbox 801 2554 920 2606; x_wconf 89' lang='lat' dir='ltr'>poscens.</span> 
     </span>
    </p>

    <p class='ocr_par' dir='ltr' id='par_1_32' title="bbox 164 2607 914 2682">
     <span class='ocr_line' id='line_1_33' title="bbox 164 2607 914 2682; baseline 0.008 -22"><span class='ocrx_word' id='word_1_216' title='bbox 164 2607 236 2672; x_wconf 85' lang='lat' dir='ltr'>Quin</span> <span class='ocrx_word' id='word_1_217' title='bbox 254 2611 344 2675; x_wconf 91' lang='lat' dir='ltr'>etiam,</span> <span class='ocrx_word' id='word_1_218' title='bbox 362 2613 417 2666; x_wconf 90' lang='lat' dir='ltr'>ima</span> <span class='ocrx_word' id='word_1_219' title='bbox 435 2614 513 2667; x_wconf 91' lang='lat' dir='ltr'>dolor</span> <span class='ocrx_word' id='word_1_220' title='bbox 530 2614 670 2668; x_wconf 86' lang='lat' dir='ltr'>balantum</span> <span class='ocrx_word' id='word_1_221' title='bbox 689 2614 780 2682; x_wconf 87' lang='lat' dir='ltr'>lapsus</span> <span class='ocrx_word' id='word_1_222' title='bbox 799 2614 834 2668; x_wconf 92' lang='lat' dir='ltr'>ad</span> <span class='ocrx_word' id='word_1_223' title='bbox 852 2630 914 2667; x_wconf 89' lang='lat' dir='ltr'>ossa</span> 
     </span>
    </p>

    <p class='ocr_par' dir='ltr' id='par_1_33' title="bbox 164 2685 940 2759">
     <span class='ocr_line' id='line_1_34' title="bbox 164 2685 940 2759; baseline 0.005 -20"><span class='ocrx_word' id='word_1_224' title='bbox 164 2685 233 2739; x_wconf 87' lang='lat' dir='ltr'>Cum</span> <span class='ocrx_word' id='word_1_225' title='bbox 252 2687 318 2741; x_wconf 86' lang='lat' dir='ltr'>furit</span> <span class='ocrx_word' id='word_1_226' title='bbox 336 2693 419 2757; x_wconf 87' lang='lat' dir='ltr'>atquc</span> <span class='ocrx_word' id='word_1_227' title='bbox 437 2695 513 2744; x_wconf 91' lang='lat' dir='ltr'>artus</span> <span class='ocrx_word' id='word_1_228' title='bbox 532 2690 689 2759; x_wconf 90' lang='lat' dir='ltr'>depascitur</span> <span class='ocrx_word' id='word_1_229' title='bbox 707 2690 784 2744; x_wconf 89' lang='lat' dir='ltr'>arida</span> <span class='ocrx_word' id='word_1_230' title='bbox 801 2689 892 2755; x_wconf 88' lang='lat' dir='ltr'>febris,</span> <span class='ocrx_word' id='word_1_231' title='bbox 937 2731 940 2736; x_wconf 68' lang='lat'>,</span> 
     </span>
    </p>

    <p class='ocr_par' dir='ltr' id='par_1_34' title="bbox 165 2761 800 2822">
     <span class='ocr_line' id='line_1_35' title="bbox 165 2761 800 2822; baseline 0.008 -7"><span class='ocrx_word' id='word_1_232' title='bbox 165 2761 272 2816; x_wconf 85' lang='lat' dir='ltr'>Profuit</span> <span class='ocrx_word' id='word_1_233' title='bbox 289 2765 411 2818; x_wconf 89' lang='lat' dir='ltr'>incensos</span> <span class='ocrx_word' id='word_1_234' title='bbox 429 2771 520 2818; x_wconf 90' lang='lat' dir='ltr'>aestus</span> <span class='ocrx_word' id='word_1_235' title='bbox 538 2771 663 2821; x_wconf 88' lang='lat' dir='ltr'>avertere</span> <span class='ocrx_word' id='word_1_236' title='bbox 681 2771 709 2822; x_wconf 92' lang='lat' dir='ltr'>et</span> <span class='ocrx_word' id='word_1_237' title='bbox 727 2768 800 2821; x_wconf 89' lang='lat' dir='ltr'>inter</span> 
     </span>
    </p>

    <p class='ocr_par' dir='ltr' id='par_1_35' title="bbox 166 2839 1015 2911">
     <span class='ocr_line' id='line_1_36' title="bbox 166 2839 1015 2911; baseline 0.002 -19"><span class='ocrx_word' id='word_1_238' title='bbox 166 2839 226 2892; x_wconf 90' lang='lat' dir='ltr'>lma</span> <span class='ocrx_word' id='word_1_239' title='bbox 242 2841 325 2895; x_wconf 84' lang='lat' dir='ltr'>ferire</span> <span class='ocrx_word' id='word_1_240' title='bbox 342 2842 421 2911; x_wconf 89' lang='lat' dir='ltr'>pedis</span> <span class='ocrx_word' id='word_1_241' title='bbox 439 2842 581 2896; x_wconf 88' lang='lat' dir='ltr'>salientem</span> <span class='ocrx_word' id='word_1_242' title='bbox 599 2843 729 2911; x_wconf 80' lang='lat' dir='ltr'>sanguine</span> <span class='ocrx_word' id='word_1_243' title='bbox 748 2859 859 2908; x_wconf 88' lang='lat' dir='ltr'>venan1;</span> <span class='ocrx_word' id='word_1_244' title='bbox 978 2856 1015 2894; x_wconf 81' lang='lat' dir='ltr'>soc</span> 
     </span>
    </p>

    <p class='ocr_par' dir='ltr' id='par_1_36' title="bbox 166 2909 836 2988">
     <span class='ocr_line' id='line_1_37' title="bbox 166 2909 836 2988; baseline 0.004 -19"><span class='ocrx_word' id='word_1_245' title='bbox 166 2909 285 2970; x_wconf 89' lang='lat' dir='ltr'>Bisaltae</span> <span class='ocrx_word' id='word_1_246' title='bbox 303 2935 358 2986; x_wconf 91' lang='lat' dir='ltr'>quo</span> <span class='ocrx_word' id='word_1_247' title='bbox 376 2935 451 2970; x_wconf 90' lang='lat' dir='ltr'>more</span> <span class='ocrx_word' id='word_1_248' title='bbox 470 2920 557 2972; x_wconf 89' lang='lat' dir='ltr'>solent</span> <span class='ocrx_word' id='word_1_249' title='bbox 575 2936 692 2988; x_wconf 82' lang='lat' dir='ltr'>acerque</span> <span class='ocrx_word' id='word_1_250' title='bbox 710 2920 836 2984; x_wconf 86' lang='lat' dir='ltr'>Gelonus,</span> 
     </span>
    </p>

    <p class='ocr_par' dir='ltr' id='par_1_37' title="bbox 166 2992 968 3064">
     <span class='ocr_line' id='line_1_38' title="bbox 166 2992 968 3064; baseline 0.005 -18"><span class='ocrx_word' id='word_1_251' title='bbox 166 2992 234 3046; x_wconf 83' lang='lat' dir='ltr'>Cum</span> <span class='ocrx_word' id='word_1_252' title='bbox 251 2994 323 3062; x_wconf 80' lang='lat' dir='ltr'>fugit</span> <span class='ocrx_word' id='word_1_253' title='bbox 340 2995 368 3047; x_wconf 91' lang='lat' dir='ltr'>in</span> <span class='ocrx_word' id='word_1_254' title='bbox 388 2995 541 3063; x_wconf 85' lang='lat' dir='ltr'>Rhodopen</span> <span class='ocrx_word' id='word_1_255' title='bbox 559 3000 643 3064; x_wconf 88' lang='lat' dir='ltr'>atquc</span> <span class='ocrx_word' id='word_1_256' title='bbox 660 2997 687 3049; x_wconf 93' lang='lat' dir='ltr'>in</span> <span class='ocrx_word' id='word_1_257' title='bbox 707 2997 817 3050; x_wconf 88' lang='lat' dir='ltr'>deserta</span> <span class='ocrx_word' id='word_1_258' title='bbox 835 2997 968 3050; x_wconf 85' lang='lat' dir='ltr'>Getarum</span> 
     </span>
    </p>

    <p class='ocr_par' dir='ltr' id='par_1_38' title="bbox 167 3069 881 3140">
     <span class='ocr_line' id='line_1_39' title="bbox 167 3069 881 3140; baseline 0.004 -18"><span class='ocrx_word' id='word_1_259' title='bbox 167 3069 202 3121; x_wconf 82' lang='lat' dir='ltr'>Et</span> <span class='ocrx_word' id='word_1_260' title='bbox 220 3069 261 3122; x_wconf 90' lang='lat' dir='ltr'>lac</span> <span class='ocrx_word' id='word_1_261' title='bbox 279 3073 434 3123; x_wconf 86' lang='lat' dir='ltr'>concretum</span> <span class='ocrx_word' id='word_1_262' title='bbox 452 3087 513 3123; x_wconf 90' lang='lat' dir='ltr'>curn</span> <span class='ocrx_word' id='word_1_263' title='bbox 533 3073 661 3139; x_wconf 82' lang='lat' dir='ltr'>sanguine</span> <span class='ocrx_word' id='word_1_264' title='bbox 678 3077 757 3140; x_wconf 90' lang='lat' dir='ltr'>potat</span> <span class='ocrx_word' id='word_1_265' title='bbox 775 3072 881 3140; x_wconf 89' lang='lat' dir='ltr'>equino.</span> 
     </span>
    </p>

    <p class='ocr_par' dir='ltr' id='par_1_39' title="bbox 166 3143 940 3216">
     <span class='ocr_line' id='line_1_40' title="bbox 166 3143 940 3216; baseline 0.009 -21"><span class='ocrx_word' id='word_1_266' title='bbox 166 3143 253 3207; x_wconf 80' lang='lat' dir='ltr'>viam</span> <span class='ocrx_word' id='word_1_267' title='bbox 270 3147 363 3214; x_wconf 89' lang='lat' dir='ltr'>procul</span> <span class='ocrx_word' id='word_1_268' title='bbox 382 3150 430 3199; x_wconf 88' lang='lat' dir='ltr'>aut</span> <span class='ocrx_word' id='word_1_269' title='bbox 447 3145 522 3200; x_wconf 89' lang='lat' dir='ltr'>molli</span> <span class='ocrx_word' id='word_1_270' title='bbox 541 3149 685 3202; x_wconf 90' lang='lat' dir='ltr'>succedere</span> <span class='ocrx_word' id='word_1_271' title='bbox 704 3149 810 3216; x_wconf 88' lang='lat' dir='ltr'>saepius</span> <span class='ocrx_word' id='word_1_272' title='bbox 827 3149 940 3202; x_wconf 88' lang='lat' dir='ltr'>umbrae</span> 
     </span>
    </p>

    <p class='ocr_par' dir='ltr' id='par_1_40' title="bbox 166 3219 1015 3292">
     <span class='ocr_line' id='line_1_41' title="bbox 166 3219 1015 3292; baseline 0 -16"><span class='ocrx_word' id='word_1_273' title='bbox 166 3219 285 3276; x_wconf 88' lang='lat' dir='ltr'>Videris.</span> <span class='ocrx_word' id='word_1_274' title='bbox 302 3226 350 3276; x_wconf 89' lang='lat' dir='ltr'>aut</span> <span class='ocrx_word' id='word_1_275' title='bbox 368 3238 488 3291; x_wconf 78' lang='lat' dir='ltr'>summas</span> <span class='ocrx_word' id='word_1_276' title='bbox 505 3227 661 3292; x_wconf 88' lang='lat' dir='ltr'>carpentem</span> <span class='ocrx_word' id='word_1_277' title='bbox 679 3224 801 3292; x_wconf 78' lang='lat' dir='ltr'>ignavius</span> <span class='ocrx_word' id='word_1_278' title='bbox 819 3223 926 3292; x_wconf 88' lang='lat' dir='ltr'>herbas,</span> <span class='ocrx_word' id='word_1_279' title='bbox 979 3237 1015 3276; x_wconf 75' lang='lat' dir='ltr'>see</span> 
     </span>
    </p>
   </div>
   <div class='ocr_carea' id='block_1_3' title="bbox 0 0 1147 3562">
    <p class='ocr_par' dir='ltr' id='par_1_41' title="bbox 0 0 1147 3562">
     <span class='ocr_line' id='line_1_42' title="bbox 0 0 1147 3562; baseline 0 0"><span class='ocrx_word' id='word_1_280' title='bbox 0 0 1147 3562; x_wconf 95' lang='lat' dir='ltr'> </span> 
     </span>
    </p>
   </div>
  </div>
 </body>
</html>
