2290 3568
423 137 604 186 AENEIDOS
627 138 696 188 LIB.
722 139 771 187 VI.
970 142 1017 190 185

163 221 233 276 Tum
252 219 361 276 Phoebo
379 223 409 274 et
427 219 534 272 Triviae
553 219 640 272 solido
658 219 694 272 de
713 236 853 272 1116161616
871 220 1008 288 templum

163 299 318 362 Instituam‚
338 297 478 364 festosque
497 296 556 348 dies
571 296 606 348 de
626 297 734 348 nomino
755 296 866 349 Phoebi.
994 309 1019 350 1ο

162 375 200 428 'le
220 390 328 442 qnoque
348 389 447 441 magna
465 376 576 426 manent
594 373 686 440 regnis
705 373 857 441 penetralia
875 373 980 428 nostris

163 449 217 504 Hic
233 467 284 518 ego
301 467 419 518 namque
437 453 499 502 tuas
517 453 605 502 sortes
624 466 776 518 arcanaque
794 450 858 512 fata,

162 526 244 580 Dicta
262 543 338 580 meae
357 527 441 592 genti,
461 542 567 594 ponam,
587 525 727 594 lectosque
745 526 864 593 sacrabo,

163 604 252 671 Alma,
270 604 350 656 viros.
388 603 471 655 Foliis
489 606 597 655 tantum
615 619 650 655 ne
667 604 789 656 carmina
806 602 913 670 mando,

164 681 206 734 Ne
223 680 335 733 turbata
354 679 444 732 volent
461 679 566 747 rapidis
585 679 704 731 ludibria
722 680 825 744 ventis;
994 693 1018 734 75

166 757 228 824 Ipsa
245 773 325 810 66666
344 773 399 810 oro.
439 757 532 809 Finem
554 755 632 808 dedit
650 773 699 809 616
718 756 854 824 loquendi.

196 835 244 900 At,
264 833 367 886 Phoebi
386 833 505 885 nonduin
524 832 640 900 patiano,
659 832 774 884 inmanis
792 834 820 884 in
838 836 917 886 antro

164 909 316 968 Bacchatur
334 913 419 974 vates,
437 925 567 975 magnum
585 909 610 959 si
628 912 740 976 pectore
758 909 844 975 possit

163 987 320 1044 Excussisse
339 986 435 1048 deum,
457 989 534 1037 tanto
553 985 640 1051 magis
658 984 704 1036 ille
722 985 819 1052 fatigat

162 1063 200 1115 Os
212 1062 346 1128 rabidum,
360 1062 417 1114 fera
428 1060 515 1114 corda
526 1061 648 1126 domans,
662 1061 798 1128 fingitque
809 1062 966 1128 premendo.
989 1075 1016 1113 66

161 1139 239 1192 Ostia
257 1139 367 1206 iamque
385 1138 482 1191 domus
501 1141 617 1206 patuere
635 1137 757 1205 ingentia
774 1141 884 1190 centum
944 1139 949 1150 ¹

160 1215 264 1284 Sponte
282 1232 337 1282 sua,
356 1215 481 1284 ratisque
500 1215 592 1268 serunt
611 1229 740 1280 responsa
757 1231 807 1282 por
824 1229 917 1266 auras:

160 1293 184 1345 0
203 1292 315 1346 tandem
334 1293 439 1360 magnis
458 1292 549 1361 pelagi
568 1291 696 1344 defuncte
715 1291 836 1359 periclis!

159 1369 216 1422 Sed
235 1373 326 1423 terrae
343 1370 469 1437 graviora
487 1373 606 1423 manent
645 1369 678 1422 16
696 1385 782 1437 regna
801 1367 895 1420 Lavini

161 1445 335 1499 Dardanidae
349 1447 473 1510 venient;
493 1447 574 1500 mitte
586 1446 656 1499 hane
669 1445 704 1498 de
717 1449 828 1513 pectore
841 1461 949 1502 curanu
989 1457 1015 1494 66

160 1523 215 1576 Sed
234 1540 287 1575 non
306 1525 336 1574 ct
354 1523 460 1574 venisse
479 1523 577 1575 volent.
616 1522 700 1589 Bella,
718 1521 830 1575 horrida
848 1519 925 1582 bella,

162 1600 197 1652 Et
216 1593 356 1666 Thybrim
367 1599 453 1650 multo
472 1601 644 1666 spumantem
662 1598 794 1665 sanguine
812 1613 899 1649 cerno.

160 1675 221 1727 Non
241 1675 340 1728 Simois
357 1675 417 1742 tibi,
437 1692 487 1727 nee
507 1674 640 1740 Xanthus,
660 1690 711 1726 nee
730 1672 831 1725 Dorica
848 1675 937 1725 666116

161 1751 320 1814 Defuerint;
341 1751 409 1804 alius
428 1751 508 1804 Latio
526 1751 581 1803 iam
599 1753 694 1818 partus
714 1749 844 1816 Achilles,

161 1828 249 1882 Natus
268 1832 297 1881 et
315 1829 374 1897 ipse
393 1827 460 1890 dea;
478 1845 528 1881 nee
547 1826 657 1880 Teucris
674 1826 771 1880 addita
790 1826 858 1878 luno
990 1841 1014 1880 66

162 1904 284 1974 Usquam
302 1904 407 1969 aberit;
428 1921 490 1958 cum
508 1909 540 1958 tu
559 1904 673 1972 supplex
692 1904 720 1955 in
738 1903 821 1956 rebus
839 1903 933 1970 egenis

159 1982 234 2046 Quas
251 1982 341 2048 gentis
362 1982 463 2034 ltalum
480 1985 530 2034 661
549 1998 617 2048 quas
635 1999 688 2034 non
706 1981 826 2033 oraveris
843 1979 939 2032 urbes!

159 2057 263 2110 Caussa
282 2059 344 2110 mali
363 2059 434 2110 tanti
451 2058 569 2110 coniunx
588 2057 688 2109 iterum
707 2056 815 2123 hospita
834 2056 944 2108 Teucris

160 2133 331 2200 Extcrnique
350 2133 451 2185 iterum
471 2132 592 2185 thalami.

159 2209 253 2280 'lune
272 2208 339 2261 cede
357 2208 443 2273 malis,
463 2207 514 2260 sod
531 2211 628 2260 contra
646 2207 792 2260 audentior
810 2208 857 2274 ito,
990 2223 1015 2262 66

161 2284 248 2348 Quam
267 2289 316 2338 tua
333 2289 362 2336 te
382 2285 505 2337 Fortuna
523 2285 600 2336 sinet.
640 2282 692 2334 Via
710 2283 798 2350 prima
816 2282 918 2349 salutis,

160 2359 241 2426 Quod
259 2361 369 2413 minime
389 2361 464 2427 roris,
484 2360 568 2413 Graia
586 2358 724 2428 pandetur
743 2358 778 2412 ab
794 2358 869 2411 urbe.

195 2436 306 2490 Talibus
325 2454 359 2490 611
378 2437 460 2506 adyto
478 2437 560 2490 dictis
580 2439 697 2503 Cymaea
715 2435 817 2504 Sibylla

163 2514 322 2568 Horrendas
340 2515 414 2568 canit
433 2513 562 2582 ambages
580 2517 716 2581 antroque
735 2513 861 2582 remugit,

160 2590 290 2644 Obscuris
310 2609 374 2644 vera
391 2592 544 2645 involvens:
566 2608 600 2644 66
617 2591 695 2643 frena
713 2589 814 2643 furenti
979 2603 1024 2642 166

161 2667 295 2733 (imcutit,
314 2672 342 2720 61
360 2668 485 2722 stimulos
503 2667 554 2720 sub
572 2671 684 2735 pectore
702 2667 787 2720 vertit
806 2667 913 2736 Apollo.

134 2782 136 2786 Α
161 2742 201 2796 Ut
217 2743 336 2811 primum
353 2745 436 2798 cessit
453 2745 529 2797 16161
547 2748 576 2797 61
594 2742 690 2796 rabida
706 2759 755 2796 ora
772 2743 909 2810 quierunt,

163 2819 263 2907 Incipit
283 2820 391 2872 Aeneas
409 2820 503 2874 heros:
525 2820 586 2872 Non
605 2819 661 2873 nlla
679 2819 811 2886 laborum,

161 2895 184 2947 Ο
203 2895 287 2962 virgo,
305 2911 374 2948 nova
392 2897 429 2948 mi
447 2896 556 2949 lacies'
548 2898 692 2964 inopinave
710 2896 812 2962 surgit;

161 2971 259 3024 Omnia
276 2972 403 3040 praecepi
422 2976 505 3040 atque
524 2973 614 3025 animo
632 2989 739 3026 meeum
756 2975 821 3024 ante
839 2969 939 3040 peregi.
977 2985 1013 3025 166

163 3048 253 3102 Unum
271 3064 332 3102 616·
353 3048 462 3116 quando
480 3049 524 3102 hie
541 3049 666 3102 inlemi'
658 3065 739 3102 1anua
756 3049 829 3116 regis

161 3125 269 3180 Dicitur
288 3129 317 3178 et
335 3125 481 3179 tenebrosa
498 3125 577 3194 palus
596 3125 753 3179 Acheronte
771 3124 869 3190 refuso,

162 3201 209 3256 Ire
226 3202 262 3256 ad
281 3205 455 3270 conspectum
474 3201 529 3256 cari
547 3201 679 3270 genitoris
697 3203 727 3254 et
744 3216 793 3254 ora
