2290 3568
130 133 177 182 168
361 133 390 181 P.
410 132 564 180 VERGILI
587 133 776 182 Mauonzs,

129 211 261 266 Omnibus
279 213 322 265 hic
340 214 393 267 orit
410 230 481 268 unus
497 213 591 266 honos.
627 213 695 268 Tres
712 213 835 282 praemia
852 214 932 281 primi

130 288 281 357 Accipient,
300 289 423 357 flavaque
441 293 524 358 caput
541 294 687 344 nectentur
706 291 782 345 oliva

130 364 237 418 Primus
256 383 356 434 equum
375 366 494 434 phaleris
512 367 645 434 insignem
664 367 753 432 victor
769 366 878 435 habeta,
946 383 983 422 ulo

130 441 211 495 Alter
230 443 405 496 Amazoniam
423 443 580 511 pharetram
599 443 761 512 plenamque
779 444 886 513 sagittis

130 517 266 586 Threiciis,
285 519 341 572 lato
360 536 442 588 quam
461 519 692 588 circumplectitur
710 537 776 574 auro

130 594 250 662 Balteus,
270 599 298 649 et
316 596 399 648 tereti
418 596 558 649 subnectit
574 596 658 649 fibula
676 612 800 664 gemma3

129 671 238 725 Tertius
259 672 388 739 Argolica
405 671 455 725 hac
473 672 552 740 galea
569 676 715 726 contentus
733 672 816 728 abito.

132 748 207 801 Haec
224 747 272 801 ubi
291 748 371 813 dicta,
389 748 477 802 locum
495 749 614 817 eapirmt,
633 749 766 819 signoque
784 753 899 819 repente
948 766 984 806 ³15

130 823 286 892 corripiunt
304 825 392 893 spatia
410 826 513 892 audito,
532 826 669 894 limenque
687 825 853 894 relinquunt,

130 900 215 954 Effusi
233 901 325 955 nimbo
344 902 453 969 similes,
473 903 553 956 simul
572 902 668 956 ultima
685 901 800 969 signant

130 976 237 1030 Primus
255 977 313 1031 abit
330 978 465 1047 longeque
483 984 547 1032 ante
565 980 654 1032 omnia
671 995 785 1046 corpora
802 980 886 1032 Nisus

129 1052 241 1120 Emicat,
260 1057 289 1107 ot
307 1055 396 1108 ventis
414 1059 443 1108 et
460 1055 579 1108 fulminis
597 1055 670 1108 ocior
688 1055 752 1120 alis;

131 1130 283 1183 Proxumus
300 1130 369 1196 huie,
388 1130 468 1198 longo
487 1131 536 1184 sed
554 1147 702 1197 proxumus
720 1131 871 1200 intervallo,
949 1148 985 1188 sao

131 1207 289 1276 Insequitur
307 1206 412 1272 Salios3
434 1208 522 1274 spatio
540 1212 603 1274 post
622 1208 723 1260 deinde
741 1207 837 1262 relicto

130 1282 237 1336 Tertius
257 1283 404 1350 Euryalus3

130 1359 329 1427 Euryalumque
344 1359 476 1428 Helymus
489 1361 616 1428 sequitur
623 1381 630 1424 ;
650 1377 705 1428 quo
718 1361 819 1416 deinde
832 1361 883 1416 sub
895 1363 954 1430 ipso

129 1435 198 1489 Ecce
215 1435 288 1488 volat
306 1435 462 1504 calcemque
480 1436 547 1489 terit
564 1437 618 1488 iam
637 1437 710 1490 ealce
730 1437 834 1507 Diores,

130 1511 293 1564 incumbens
311 1511 439 1578 humer03
461 1513 550 1580 spatia
567 1517 596 1567 et
614 1513 636 1566 si
655 1513 733 1581 plura
752 1517 899 1583 supersint,
948 1528 984 1567 aro

129 1587 261 1642 Transeat
280 1587 388 1657 elapsus
407 1589 489 1657 prior,
507 1589 700 1658 ambiguumve
719 1591 863 1659 relinquat.

130 1665 243 1734 lamque
261 1664 319 1719 fere
338 1665 425 1734 spatio
444 1670 568 1720 extremo
586 1667 706 1736 fessique
725 1667 775 1720 sub
795 1668 882 1736 ipsam

129 1741 223 1795 finem
242 1741 435 1808 adventabant,
454 1743 507 1796 levi
525 1760 586 1796 cum
605 1745 734 1811 sanguino
754 1744 837 1797 Nisus

129 1817 243 1872 Labitur
261 1818 362 1883 infelix,
382 1818 466 1871 caesis
485 1822 517 1871 ut
533 1819 605 1871 forte
625 1819 742 1872 iuvencis

129 1894 217 1947 Fusus
230 1895 341 1946 humum
354 1893 502 1961 viridisque
515 1910 596 1961 super
608 1894 791 1948 madefecerat
802 1895 908 1951 herbas.
948 1911 985 1952 aaa

129 1971 182 2023 llic
201 1970 304 2022 iuvenis
322 1970 376 2021 iam
395 1968 482 2022 victor
501 1984 584 2021 ovans
603 1969 718 2035 vestigia
736 1987 829 2037 presso

129 2045 212 2098 Haud
230 2046 319 2098 tenuit
337 2043 457 2098 titubata
475 2044 540 2112 solo,
560 2045 609 2098 sed
628 2061 729 2114 pronus
747 2045 774 2098 in
792 2046 851 2114 ipso

128 2121 253 2175 Concidit
270 2121 455 2190 inmundoquo
473 2121 537 2174 fimo
555 2138 685 2190 sacroque
704 2138 807 2176 cruore.

128 2198 152 2250 N
155 2215 190 2251 on
209 2201 299 2252 tamen
320 2198 437 2268 Euryali,
455 2215 508 2251 non
526 2198 572 2252 ille
591 2199 692 2252 oblitus
710 2215 849 2265 amorum;

127 2274 198 2328 Nam
218 2291 277 2328 seso
296 2275 423 2344 opposuit
442 2275 514 2328 Salio
532 2293 582 2344 per
600 2275 704 2329 lubrica
722 2293 852 2344 surgcns;
949 2291 986 2332 sss

128 2351 180 2404 Ille
197 2355 289 2404 autem
308 2352 394 2420 spissa
413 2353 496 2406 iacuit
514 2353 655 2405 revolutus
673 2369 763 2407 arena.

127 2427 233 2480 Emicat
252 2427 390 2495 Euryalus,
408 2432 437 2480 et
456 2445 569 2480 munere
589 2429 675 2481 victor
694 2429 773 2482 amici

128 2503 220 2556 Prima
237 2506 322 2569 tenet,
341 2504 492 2571 plausuque
511 2504 584 2557 volat
603 2504 770 2571 fremituque
788 2505 915 2561 seeundo.

129 2581 194 2634 Post
214 2579 346 2647 Helymus
366 2579 447 2646 subit,
466 2583 495 2632 et
514 2597 584 2633 nunc
604 2581 687 2633 tertia
705 2580 795 2648 palma
814 2581 918 2638 Diores.

130 2657 182 2711 llic
201 2660 290 2709 toturn
308 2673 406 2710 caveae
424 2673 579 2710 consessum
599 2657 718 2725 ingentis
736 2661 765 2711 et
783 2673 831 2710 ora
950 2673 986 2713 aso

128 2733 220 2786 Prima
238 2735 348 2800 patrum
366 2734 472 2800 magnis
492 2733 581 2786 Salius
601 2733 764 2787 clamoribus
782 2734 877 2802 inplet,

128 2811 314 2879 Ereptumquo
334 2808 396 2862 dolo
416 2809 495 2862 reddi
515 2808 567 2862 sibi
585 2810 674 2879 poscit
692 2809 830 2865 honorem.

127 2886 245 2940 Tutatur
263 2886 338 2939 favor
358 2886 512 2954 Euryalum,
533 2886 716 2957 lacrimaeque
735 2886 857 2955 decorae,

128 2962 238 3017 Gratior
257 2967 285 3016 ot
304 2963 416 3030 pulchro
435 2964 545 3017 veniens
563 2964 591 3016 in
610 2980 723 3032 corpore
744 2965 835 3017 virtus.

128 3040 251 3094 Adiuvat
269 3042 298 3092 ot
316 3055 414 3107 magna
432 3041 582 3109 proclamat
600 3057 665 3094 voce
685 3041 789 3106 Diores,
952 3053 987 3096 tlt

127 3116 179 3181 Qui
198 3114 282 3168 subiit
300 3115 413 3186 palmae,
434 3117 591 3186 frustraque
609 3116 646 3170 ad
663 3116 784 3185 praemia
802 3116 877 3170 venit

127 3192 240 3257 Ultima,
259 3191 281 3245 si
300 3192 380 3262 primi
399 3193 471 3248 Salio
489 3192 644 3248 reddantur
661 3193 785 3247 honores.
