2278 3568
101 126 147 174 150
337 125 366 173 P.
387 124 540 171 VERGlLl
559 123 724 172 MARONIS

99 203 136 256 111
154 202 251 256 modiis
268 218 400 271 properas
418 202 588 270 aquilonibus
606 203 646 256 ire
664 219 714 271 per
732 202 825 269 altum,
921 219 957 262 ³1⁰

99 277 242 332 Grudelisl
272 278 360 342 Quidl
383 279 405 331 si
424 295 477 331 non
496 295 560 330 arva
578 279 667 332 aliena
686 278 836 347 domosque

100 351 214 422 lgnotas
232 359 350 422 peteres,
369 358 398 408 ct
417 354 496 406 Troia
515 355 628 422 antiqua
646 357 777 421 maneret,

100 431 179 484 Troia
197 448 247 500 per
264 431 398 484 undosum
417 435 561 499 peteretur
578 431 708 485 classibus
727 433 847 500 aequori

100 507 181 561 Mene
194 508 283 575 fugisl
298 507 352 560 Per
364 524 414 574 ego
427 507 476 561 has
486 508 610 561 lacrimas
619 508 801 577 dextramque
810 511 887 562 tuam
895 513 957 562 tc-

101 583 215 646 Quando
227 583 302 637 aliud
313 583 380 636 mihi
391 584 446 637 iam
459 585 574 638 miserae
586 584 653 637 nihil
665 585 725 653 ipsa
737 585 872 653 reliqui—
923 600 957 638 315

101 658 155 712 Per
172 659 305 713 connubia
322 663 423 726 nostra,
442 677 493 729 per
510 653 634 730 inceptos
651 660 821 729 hymenaeos,

101 735 130 788 Si
147 735 218 789 bene
236 735 304 804 quid
322 736 357 790 de
374 739 404 790 te
422 737 517 805 merui,
535 737 589 791 fuit
606 741 654 792 aut
672 737 724 791 tibi
742 739 889 808 quicquam

101 813 186 866 Dulce
204 829 303 879 meum,
322 814 453 868 miserere
472 814 568 868 domus
587 813 704 868 labentis
723 817 753 868 et
769 815 858 880 istam,

101 888 162 953 Orc,
181 889 203 942 si
222 891 283 959 quis
301 890 391 944 adhuc
408 891 534 959 precibus
552 891 633 959 locus,
652 907 722 945 exue
739 893 869 944 mentem.

101 964 139 1018 Te
156 970 269 1034 propter
288 966 404 1035 Libycae
421 971 519 1035 gentes
537 967 748 1036 Nomadumque
766 967 874 1036 tyranni
922 980 958 1020 aro

102 1041 200 1108 Odere,
218 1043 315 1096 infensi
335 1043 423 1112 Tyrii3
443 1047 472 1097 16
489 1048 602 1112 propter
621 1044 737 1097 cundem

102 1118 259 1172 Exstinctus
277 1118 366 1187 pudor
384 1123 420 1186 et,
439 1137 493 1188 qua
512 1121 567 1172 sola
585 1119 675 1174 sidera
693 1119 809 1185 adibam,

102 1194 187 1247 Fama
205 1195 285 1260 prior.
323 1194 373 1247 Oui
390 1211 435 1248 me
453 1196 642 1248 moribundam
661 1196 772 1259 deseris,
790 1195 906 1263 hospes?

103 1271 164 1324 Hoc
182 1271 268 1324 solum
286 1287 384 1324 nomen
402 1273 529 1339 quoniam
548 1272 584 1326 de
601 1272 714 1339 coniuge
731 1274 826 1324 restat.

103 1347 175 1411 Quid
185 1349 293 1401 mororl
306 1351 341 1399 an
352 1364 413 1400 mea
426 1347 583 1415 Pygmalion
598 1348 663 1400 dum
676 1347 783 1400 moenia
793 1347 880 1400 frater
924 1361 960 1400 325

73 1405 243 1492 secamus,
261 1427 310 1477 aut
329 1427 436 1492 captam
456 1423 537 1478 ducat
557 1424 689 1478 Gaetulus
708 1423 820 1477 larbasi

103 1501 205 1554 Saltem
225 1500 247 1553 si
266 1516 321 1568 qua
337 1499 404 1552 mihi
423 1499 458 1552 dc
477 1505 505 1553 te
524 1503 650 1568 suscepta
668 1500 766 1554 luisset

104 1578 179 1630 Ante
197 1577 290 1644 fugam
309 1575 425 1643 suboleo,
444 1576 466 1629 si
485 1577 546 1646 quis
564 1577 630 1630 mihi
648 1577 776 1646 parvulus
794 1577 857 1631 aula

103 1652 226 1707 Luderet
246 1655 363 1722 Aeneas
382 1654 428 1722 qui
447 1657 476 1708 te
495 1657 587 1708 tamon
606 1671 653 1706 ore
671 1654 795 1718 referret,

103 1731 165 1784 Non
183 1730 311 1798 equidem
329 1731 438 1783 omnino
456 1735 536 1799 capta
553 1747 584 1783 ac
602 1730 713 1784 deserta
733 1731 846 1784 viderer.
924 1743 960 1782 sao

27 1803 45 1813 ’“
138 1807 260 1860 Dixerat.
299 1807 350 1860 llle
369 1807 442 1860 lovis
460 1807 570 1860 monitis
588 1807 690 1859 inmota
707 1806 822 1860 tenebat

104 1883 226 1949 Lumina,
246 1887 274 1937 et
293 1883 408 1936 obnixus
426 1899 518 1936 curam
537 1883 687 1936 subcorde
705 1881 856 1950 premebat.

104 1958 225 2012 'landem
242 1977 329 2028 pauca
347 1959 444 2012 refert:
465 1960 523 2028 Ego
541 1963 577 2025 te,
597 1975 667 2027 quae
684 1959 800 2026 plurima
817 1958 900 2011 fando

104 2036 271 2089 Enumerare
290 2036 370 2098 vales,
388 2051 542 2103 numquam,
563 2035 676 2103 Regina,
694 2035 800 2102 negabo

106 2112 300 2175 Promeritam3
320 2127 370 2165 nec
387 2128 431 2164 me
449 2112 604 2166 meminisse
621 2111 728 2180 pigebit
746 2112 856 2180 Elissae,
927 2127 962 2165 seo

105 2188 177 2241 Dum
195 2205 299 2242 memor
317 2189 375 2257 ipse
392 2188 454 2254 mei,
474 2187 539 2242 dum
558 2190 670 2258 spiritus
687 2189 737 2242 hos
755 2189 827 2257 regit
845 2193 928 2242 artus.

105 2264 159 2318 Pro
169 2282 200 2319 re
210 2282 295 2332 pauca
304 2264 408 2332 loquar.
445 2267 542 2334 Neque
552 2283 602 2333 cgo
612 2266 681 2318 hanc
690 2263 856 2318 abscondere
865 2265 939 2318 furto

106 2341 228 2408 Speravi,
245 2357 280 2394 ne
299 2341 378 2408 finge,
395 2341 497 2409 fugam,
515 2359 564 2395 noc
583 2342 703 2409 coniugis
721 2358 851 2409 umquam

107 2417 256 2470 Praetendi
274 2417 370 2469 taedas
388 2421 435 2470 aut
453 2418 520 2470 haec
538 2419 565 2470 in
584 2417 695 2471 foedera
712 2417 783 2471 veni.

107 2493 153 2546 Me
172 2493 194 2546 si
212 2493 269 2546 fata
287 2493 355 2546 meis
372 2496 534 2560 paterentur
553 2495 653 2546 ducere
671 2493 755 2548 vitam
928 2506 963 2545 aa

108 2570 245 2638 Auspiciis
264 2573 292 2622 61
310 2572 407 2637 sponte
425 2585 487 2622 mea
504 2585 657 2638 conponere
676 2585 760 2634 curas,

108 2646 212 2699 Urbem
232 2645 375 2698 Troianam
393 2645 510 2714 primum
529 2645 671 2714 dulcisque
687 2661 810 2698 meorum

108 2722 249 2790 Reliquias
267 2721 392 2789 colerem,
411 2721 513 2775 Priami
531 2725 605 2774 tecta
622 2722 679 2775 alta
696 2729 846 2788 manerent,

110 2798 145 2852 111
162 2799 281 2852 recidiva
298 2815 381 2851 manu
399 2799 549 2866 posuissem
569 2799 702 2866 Pergama
719 2799 804 2866 victis.

109 2876 165 2929 Sed
182 2892 253 2928 nuno
276 2875 385 2928 ltaliam
404 2891 529 2942 magnam
549 2874 672 2942 Gryneus
692 2875 798 2944 Apollo,
929 2889 963 2927 111

110 2951 219 3004 ltaliam
239 2951 336 3020 Lyciae
354 2951 458 3004 iussero
477 2967 619 3019 capessere
638 2955 741 3015 sortcs;

112 3028 164 3081 llic
182 3045 265 3095 amor,
283 3027 350 3080 haec
368 3027 457 3096 patria
475 3030 524 3080 est.
562 3028 590 3082 Si
607 3031 637 3082 te
657 3029 835 3096 Karthaginis
852 3043 935 3090 arces,

111 3104 294 3172 Phoenissam,
314 3103 486 3173 Libycaeque
504 3109 631 3174 aspectus
649 3105 756 3159 detinet
773 3105 856 3170 urbis,

112 3181 186 3248 Quae
204 3181 324 3248 tandem,
345 3182 466 3260 Ausonia
484 3183 601 3236 Teucros
619 3181 760 3237 considero
778 3185 860 3248 terra,
