2290 3568
400 175 580 223 AENEIDOS
598 175 666 224 LIB.
686 175 767 223 VIII.
967 177 1014 226 229

161 255 282 321 Lumina,
301 255 354 307 rite
372 254 443 305 cavis
462 253 563 306 undam
583 254 618 307 de
636 254 746 308 flumine
763 255 861 323 palmis

159 331 290 397 Sustinet,
309 345 340 382 ac
358 329 420 382 talis
439 329 553 383 effundit
571 330 606 383 ad
624 331 736 384 aethera
753 347 845 384 voces:
985 347 1009 388 to

159 407 308 474 Nymphae,
321 405 472 459 Laurentes
485 406 634 475 Nymphae,
647 424 733 475 genus
745 406 869 460 amnibus
878 409 952 462 unde
961 415 1011 478 est,

159 483 260 550 Tuque,
278 499 294 534 o
313 482 413 550 Thybri
432 487 479 535 tuo
497 483 606 550 genitor
623 501 685 536 eum
704 484 814 537 flumine
833 489 934 550 sancto,

158 559 284 628 Accipite
304 560 423 624 Aenean,
443 553 472 612 et
491 559 602 612 tandem
622 564 713 614 arcete
731 560 845 628 periclis.

158 635 217 699 Quo
235 639 398 703 tecumque
417 637 497 702 lacus,
517 637 693 690 miserantem
712 637 882 691 incommoda
901 641 1002 706 nostra,

159 713 245 766 Fonte
264 715 347 776 tenet,
367 728 537 780 quocumque
556 714 613 766 solo
631 713 828 781 pulcherrimus
846 716 911 784 exis,
987 731 1010 772 rs

158 788 272 856 Semper
290 787 391 840 honore
409 805 476 854 meo,
496 805 603 858 semper
621 790 794 844 celebrabere
813 790 899 859 donis,

158 864 289 932 Corniger
309 864 493 933 Hesperidum
513 864 624 918 Fluvius
642 870 770 932 regnator
789 883 927 934 aquarum.

158 941 244 994 Adsis
262 958 278 994 o
297 944 404 994 tanturn
423 945 452 994 ct
470 942 581 1009 propius
599 947 648 995 tua
665 943 776 996 numina
794 943 893 997 firmes.

158 1017 202 1071 Sic
221 1021 360 1085 memorat,
379 1017 555 1085 geminasque
573 1018 640 1085 legit
659 1017 694 1070 de
712 1018 797 1072 classe
815 1019 933 1087 biremis,

158 1093 338 1162 Remigioque
356 1097 449 1162 aptat3
467 1093 553 1146 socios
571 1093 650 1146 simul
669 1094 780 1148 instruit
799 1097 887 1149 armis.
986 1113 1010 1150 eo

192 1171 261 1224 Ecce
274 1174 365 1224 autem
379 1170 499 1223 subitum
511 1173 594 1239 atque
611 1169 694 1223 oculis
710 1171 833 1226 mirabile
850 1175 1010 1241 mustum,

157 1247 281 1302 Candida
297 1265 348 1318 per
366 1248 458 1301 silvam
478 1264 539 1300 cum
557 1246 616 1301 fetu
633 1247 758 1300 concolor
775 1249 836 1302 elbo

159 1322 305 1378 Procubuit
324 1324 460 1393 viridique
479 1325 507 1378 in
527 1323 606 1377 litore
625 1324 789 1393 conspicitur
806 1343 866 1379 sus:

157 1401 243 1464 Quam
262 1401 323 1470 pius
342 1403 452 1456 Aeneas
471 1401 521 1454 tibi
541 1401 619 1470 enim,
638 1399 696 1467 tibi,
716 1417 843 1455 maxuma
863 1403 939 1468 Iuno,

157 1477 269 1545 Mactat,
288 1494 365 1532 secra
383 1478 479 1544 ferens,
498 1483 604 1534 etcum
624 1495 708 1546 grege
727 1478 800 1531 sistit
818 1478 853 1531 ad
872 1495 953 1531 aram.
984 1493 1009 1531 ss

157 1553 271 1621 Thybris
290 1570 323 1606 ca
340 1554 457 1620 fluvium,
477 1571 558 1622 quam
577 1554 726 1622 longeest,
745 1558 824 1608 noete
843 1557 995 1608 tumentem

158 1630 255 1696 leniit,
275 1633 304 1683 et
323 1629 540 1698 tacitarefluens
559 1630 598 1682 ita
618 1631 740 1682 substitit
759 1631 840 1696 unda,

158 1705 235 1758 Mitis
253 1710 285 1759 ut
304 1706 330 1758 in
350 1722 453 1758 morem
472 1705 560 1772 stagni
579 1705 756 1774 placidaeque
775 1707 882 1774 paludis

157 1782 299 1835 Sterneret
317 1797 419 1850 aequor
436 1781 520 1848 aquis,
539 1799 614 1835 remo
633 1786 664 1834 ut
682 1781 817 1835 luctamen
836 1783 951 1837 abesset.

158 1857 230 1925 Ilrgo
249 1857 303 1911 iter
320 1859 458 1926 inceptum
476 1858 596 1911 celerant
614 1875 723 1911 rumore
741 1859 865 1911 secundo.
991 1859 1010 1898 ⁹¹

158 1933 272 1986 Labitur
290 1938 372 2002 uncta
389 1934 466 1987 vadis
484 1933 573 1999 abies;
589 1935 723 1988 mirantur
741 1939 769 1988 et
787 1934 884 2002 undae,

157 2010 276 2063 Iliiratur·
294 2029 389 2065 nemus
407 2012 543 2064 insuetum
561 2011 693 2078 fulgentia
711 2011 790 2079 longe

157 2086 239 2139 Scuta
258 2088 344 2140 virum
362 2087 443 2140 fluvio
468 2087 611 2154 pictasque
629 2087 722 2139 innare
741 2089 852 2140 carinas.

157 2161 210 2214 Olli
228 2163 341 2229 remigio
359 2166 521 2228 noctemque
540 2161 667 2228 diemque
685 2162 808 2229 fatigant,

158 2239 193 2291 Et
212 2237 306 2304 longos
326 2240 455 2305 superant
472 2237 566 2302 flexus,
585 2237 721 2306 variisque
739 2241 870 2305 teguntur
986 2254 1010 2293 eo

159 2312 319 2380 Arboribus,
337 2313 485 2380 viridisque
504 2317 597 2366 secant
614 2313 720 2380 placido
739 2329 856 2380 aequore
875 2313 962 2367 silvas.

157 2389 202 2444 Sol
221 2390 341 2442 medinm
359 2389 427 2442 caeli
444 2388 639 2442 conscenderat
656 2389 752 2456 igneus
770 2388 871 2454 orbem,

157 2466 227 2520 Cum
245 2483 336 2526 muros
355 2481 499 2534 arcemque
518 2465 661 2532 proculae
680 2482 741 2518 rara
760 2465 901 2519 domorum

157 2541 241 2596 ‘lecta
258 2541 367 2606 vident;
386 2559 456 2610 quae
475 2558 547 2596 nunc
567 2541 689 2594 Romana
707 2542 831 2610 potentia
848 2542 923 2597 caelo

160 2619 311 2687 Aequavit3
330 2623 388 2672 tum
407 2636 451 2672 res
469 2619 563 2687 inopes
583 2618 726 2672 Euandrus
744 2618 870 2672 habebat.
976 2633 1011 2674 lfa

158 2694 239 2747 Ocius
258 2695 405 2748 advertunt
423 2711 524 2763 proras,
543 2695 659 2764 urbique
677 2695 867 2763 propinquant.

193 2771 277 2824 Forte
296 2770 340 2824 die
358 2771 514 2824 sollemnem
533 2771 580 2825 illo
598 2789 647 2825 rex
668 2773 755 2825 Arcas
773 2770 901 2825 honorem

160 2846 421 2916 Amphitryoniadae
439 2864 536 2915 magno
555 2848 678 2916 divisque
697 2847 803 2900 ferebat

160 2926 234 2976 Ante
252 2923 349 2977 urbem
366 2924 393 2977 in
412 2924 479 2978 luco.
517 2923 606 2976 Pallas
624 2923 686 2976 huic
705 2923 774 2977 filius
792 2941 852 2988 una,

159 2999 221 3052 Una
239 3015 332 3052 omnes
349 2999 475 3052 iuvenum
493 2999 574 3068 primi
592 3016 750 3068 pauperque
769 3004 878 3052 senatus
975 3013 1009 3052 105

159 3076 231 3128 Tura
249 3075 358 3135 dabant
377 3075 540 3143 tepidusque
558 3092 637 3129 cruor
655 3075 777 3129 fumabat
795 3075 831 3127 ad
849 3090 917 3128 arae.

159 3151 200 3204 Ut
218 3153 302 3206 celsas
320 3152 414 3206 videre
432 3155 512 3218 rates,
532 3156 613 3220 etque
631 3152 704 3205 inter
721 3167 834 3220 opacum

159 3227 262 3282 Adlabi
280 3245 383 3294 nemus,
401 3231 430 3283 et
448 3229 538 3282 tacitis
557 3226 712 3281 incumbere
730 3227 822 3286 remis.
