2266 3562
386 149 576 200 BUCOLIOA.
612 149 686 198 ECL.
705 149 759 198 III.

153 225 253 304 Incipe,
274 233 423 296 Damoeta;
441 233 472 284 tu
491 229 591 284 deiude
610 245 732 298 sequere,
752 229 883 286 Menalca

153 310 277 365 Alternis
295 307 406 373 dicetis;
425 310 518 360 amant
537 305 643 360 alterna
662 306 804 360 Camenae.

186 387 224 440 D.
237 385 283 440 Ab
297 385 363 438 Iove
375 383 544 452 principium,
558 382 655 438 Musae
666 405 672 448 ;
684 382 758 436 lovis
770 384 859 442 omnia
870 384 951 454 plena
958 405 965 452 ;
980 402 1003 440 eo

152 464 204 517 llle
222 463 286 516 colit
303 465 407 527 terram
425 461 464 513 illi
482 477 544 514 rusa
562 459 681 514 carmina
702 477 790 515 curae.

151 541 193 594 M
212 541 249 593 Et
266 556 311 593 me
330 537 456 592 Phoebus
469 541 558 603 amat;
570 536 681 590 Phoebo
694 554 743 590 sua
755 555 862 606 semper
873 539 947 608 apud
959 557 1004 596 me

152 617 268 670 Munera
286 619 356 683 suut,
375 616 446 669 lauri
465 620 494 668 ct
512 631 595 668 suave
613 613 713 668 rubens
732 613 899 682 hyacinthus.

185 693 223 748 D.
243 693 316 746 Malo
334 709 379 747 me
397 693 511 746 Galatea
529 692 607 760 petit,
625 691 725 746 lasciva
744 692 841 761 puella,

151 770 187 824 llt
205 770 276 838 fugit
293 769 329 824 ad
348 769 450 836 salices,
470 773 501 830 et
517 786 546 823 se
564 769 639 837 cupit
658 773 721 822 ante
739 769 833 824 videri.
980 786 1003 826 ss

150 847 193 900 M.
213 849 253 901 At
271 846 336 900 mihi
355 863 415 900 sese
433 845 515 900 offert
533 846 614 913 ultro,
632 863 709 900 meus
727 846 804 914 ignis,
825 847 968 916 Amyntas,

151 923 251 977 Notior
268 927 300 977 ut
318 923 373 978 iam
391 924 428 978 sit
445 922 556 976 canibus
574 939 627 976 non
647 923 726 976 Delia
744 924 854 978 nostris.

186 999 224 1052 D.
243 999 327 1054 Parta
344 1016 422 1054 meae
441 998 544 1053 Veneri
562 1003 625 1052 sunt
637 1015 763 1054 munera:
781 1017 898 1068 namque
910 1003 1002 1055 notavi

153 1075 220 1144 lpse.
235 1076 331 1145 locum,
351 1077 440 1130 aeriae
459 1092 513 1145 quo
531 1092 692 1143 congessere
711 1076 860 1144 palumbes.

152 1153 193 1206 M.
213 1152 293 1217 Quod
310 1153 394 1222 potui,
412 1169 498 1220 puero
517 1152 634 1206 silvestri
653 1169 687 1205 ex
707 1151 804 1206 arbore
822 1153 893 1208 lecta
979 1169 1003 1210 70

153 1230 246 1282 Aurea
265 1230 336 1283 mala
354 1229 450 1284 decem
468 1229 545 1294 misi;
563 1245 624 1282 cras
642 1229 729 1282 altera
748 1230 864 1285 mittam.

186 1305 224 1360 D.
243 1307 265 1356 0
286 1307 412 1375 quotiens
430 1309 459 1361 et
477 1324 550 1375 quae
566 1306 643 1358 nobis
662 1306 776 1360 Galatea
795 1307 885 1361 locuta
902 1312 959 1363 est!

153 1379 263 1437 Partem
281 1383 407 1451 aliquam,
426 1384 508 1451 venti,
527 1383 618 1436 divom
637 1383 763 1436 referatis
782 1385 817 1436 ad
835 1386 923 1439 auris!

153 1459 480 1529 Mtluidprodest,quod
487 1455 1002 1532 meipsbt'nimononspernis‚Amynta,

152 1536 191 1604 Si,
206 1537 272 1590 dum
291 1541 323 1590 tu
340 1537 453 1595 sectaris
471 1555 558 1606 apros,
578 1554 628 1606 ego
646 1537 718 1590 retia
736 1555 814 1591 servo
823 1541 831 1592 l
979 1554 1003 1594 re

186 1615 223 1666 D.
243 1613 368 1681 Phyllida
386 1615 466 1667 mitte
484 1614 562 1668 milri:
584 1631 660 1667 mous
680 1617 722 1667 est
741 1615 846 1684 natalis,
867 1617 936 1670 Iolla
943 1637 949 1682 ;

152 1691 221 1744 Cum
239 1690 335 1744 faciam
353 1689 439 1744 vitula
456 1707 506 1758 pro
525 1689 656 1758 frugibus,
676 1691 736 1760 ipse
754 1693 852 1747 venito.

152 1767 193 1822 M.
216 1767 338 1836 Phyllida
355 1783 415 1822 amo
434 1771 497 1821 ante
515 1767 597 1833 alias;
617 1785 679 1821 nam
697 1785 742 1822 me
762 1768 902 1823 discedere
920 1770 1002 1836 flevit,

154 1845 315 1912 arrengum
335 1843 472 1912 Formosa,
491 1845 558 1911 vale,
577 1845 644 1910 vale,
663 1845 760 1914 inquit,
781 1845 855 1899 Iolla.

186 1921 223 1974 D.
242 1921 331 1974 Triste
343 1921 423 1989 lupus
436 1921 558 1987 stabulis
572 1921 686 1974 maturis
699 1921 824 1989 frugibus
836 1921 945 1991 imbres,
979 1940 1002 1976 so

155 1997 307 2052 Arboribus
324 1997 408 2064 venti,
426 1997 504 2051 nobis
524 1998 701 2066 Amaryllidis
719 1999 784 2053 irae.

154 2075 193 2130 M.
213 2075 300 2129 Dulce
319 2075 384 2128 satis
402 2075 506 2138 humor,
527 2075 647 2143 depulsis
665 2076 779 2130 arbutus
797 2077 899 2145 haedis,

154 2153 241 2206 [lenta
259 2152 327 2206 salix
344 2152 402 2206 feto
420 2153 519 2220 pecori,
538 2151 604 2204 mihi
624 2154 696 2207 solus
716 2155 858 2220 Amyntas.

187 2229 223 2282 D.
240 2228 325 2281 Pollio
338 2232 411 2282 amat
424 2233 553 2296 nostram,
567 2229 690 2298 quamvis
702 2233 745 2283 est
758 2229 866 2297 mistica,
881 2229 1002 2286 Musam:

153 2305 284 2373 Pierides,
304 2305 417 2358 vitulam
435 2305 532 2358 lectori
550 2306 654 2375 pascite
673 2310 772 2359 vestro.
980 2325 1003 2362 ss

151 2382 195 2440 M.
216 2382 300 2435 Pollio
319 2386 349 2437 et
366 2382 425 2450 ipse
444 2382 509 2435 facit
527 2399 597 2436 nova
615 2383 746 2437 earmina:
765 2385 869 2452 pascite
886 2387 1003 2452 taurum,

152 2459 212 2513 Iam
231 2476 313 2513 cornu
333 2463 412 2528 petat
430 2462 460 2514 et
478 2459 594 2528 pedibus
613 2459 660 2529 qui
679 2463 791 2530 spargat
808 2477 925 2514 arenam.

186 2537 223 2590 D.
237 2536 290 2600 Qui
303 2540 340 2604 te,
355 2536 447 2603 Pollio,
461 2540 542 2604 amat,
556 2537 655 2604 veniat,
667 2555 720 2604 quo
730 2541 876 2604 toquoque
885 2538 1004 2604 gaudem

152 2613 236 2668 Mella
254 2613 339 2666 fluant
356 2613 403 2679 illi,
423 2613 495 2666 ferat
513 2617 542 2666 et
561 2613 646 2666 rubus
665 2629 745 2680 asper
764 2630 909 2668 amomum.

151 2690 194 2744 M.
212 2691 265 2756 Qui
278 2689 392 2744 Bavium
404 2707 457 2742 non
471 2689 536 2756 odit,
550 2693 623 2744 emet
636 2693 685 2743 tua
697 2689 824 2754 carmina,
838 2689 936 2760 Maeui,
979 2706 1004 2743 oo

153 2767 247 2834 Atque
265 2766 341 2820 idem
358 2767 453 2834 iungat
473 2768 568 2836 vulpes
587 2771 616 2821 et
633 2767 753 2834 mu'geat
773 2767 868 2820 hircos.

186 2843 223 2896 D.
242 2843 295 2908 Qui
312 2843 403 2913 legitis
422 2844 503 2898 liores
521 2849 550 2898 et
568 2844 642 2898 humi
660 2845 799 2898 nascentia
816 2845 900 2912 fraga,

153 2919 289 2989 Frigidus,
307 2938 323 2974 o
340 2921 426 2990 pueri,
443 2921 531 2990 fugito
549 2922 618 2988 hinc,
637 2922 707 2976 latet
725 2921 821 2990 anguis
839 2921 867 2974 in
885 2922 976 2974 herba.

151 2997 194 3051 M.
215 2998 333 3067 Parcite,
352 3015 423 3066 oves,
443 2999 556 3052 nimium
577 2999 741 3068 procedere:
761 3015 815 3052 non
835 2999 905 3052 bene
926 2998 1003 3066 ripae

153 3073 297 3140 Creditum
315 3076 375 3144 ipse
393 3075 465 3129 aries
483 3076 566 3129 etiam
583 3093 655 3130 nunc
673 3076 773 3130 vellera
792 3076 881 3128 siccat.
979 3089 1004 3130 ae

188 3151 225 3204 D.
244 3151 344 3221 Tityre,
362 3152 499 3220 pascentis
517 3169 534 3204 a
551 3152 661 3206 flumine
680 3153 752 3205 reice
771 3152 901 3220 capellas:

154 3227 219 3298 lpse
237 3228 285 3282 ubi
302 3232 413 3298 tempus
431 3229 491 3294 erit,
509 3228 596 3282 omnis
614 3228 642 3282 in
661 3230 736 3283 fonte
753 3227 857 3284 lavabo.
