2290 3568
391 533 421 583 P.
439 534 594 582 VERGILI
612 533 780 582 MARONIS

350 698 825 775 AENEIDOS

431 888 548 942 LIBER
566 887 749 942 OCTAVUS.

536 1048 638 1078 ...4-

160 1182 204 1240 Ur
221 1184 287 1240 belli
306 1185 412 1254 signum
432 1186 564 1240 Laurenti
584 1187 690 1239 Turnus
708 1182 824 1238 abarce

162 1262 275 1330 llxtulit,
293 1265 322 1316 et
339 1279 420 1315 rauco
439 1267 617 1332 strepuerunt
635 1278 737 1316 comua
754 1265 843 1328 cantu,

163 1338 254 1407 thue
272 1338 342 1392 acris
360 1340 494 1392 concussit
512 1356 604 1408 equos,
622 1342 708 1408 utque
727 1339 826 1407 inpulit
844 1354 928 1408 arma,

163 1414 304 1483 Extemplo
322 1415 426 1468 turbati
445 1415 535 1483 animi,
554 1416 634 1468 simul
652 1433 732 1468 omne
751 1415 872 1469 tumultu

159 1489 291 1544 Coniurat
309 1491 418 1559 trepido
438 1491 554 1559 Latium,
573 1493 714 1560 saevitque
731 1492 857 1545 iuventus
999 1512 1011 1550 r

160 1566 256 1619 Effera.
294 1567 429 1620 Ductores
448 1569 529 1635 prirm
547 1568 691 1635 Messapus
709 1571 738 1620 ct
756 1568 842 1620 Ufens

159 1641 393 1711 contemptorque
412 1642 493 1696 doum
513 1643 666 1696 Mezentius
683 1643 804 1711 undique
823 1647 924 1710 cogunt

161 1719 278 1785 Auxilia,
296 1722 325 1772 et
344 1718 413 1772 latos
432 1722 540 1772 vastant
558 1718 708 1772 cultoribus
727 1735 815 1786 agros

159 1795 284 1850 Mittitur
302 1799 331 1849 ct
348 1795 439 1863 magni
459 1795 580 1848 Venulus
600 1795 741 1848 Diomedis
759 1795 794 1847 ad
812 1795 917 1864 urbem,

159 1872 210 1937 Qui
228 1875 307 1940 petat
326 1872 465 1939 auxilium,
483 1875 519 1938 ct,
540 1871 618 1925 Latio
637 1872 784 1925 consistere
803 1871 928 1939 Teucros,
989 1887 1010 1926 rc

160 1948 313 2002 Advectum
334 1950 447 2001 Aenean
464 1947 542 2001 classi
560 1949 701 2016 victosque
722 1947 831 2000 Penatis

160 2025 264 2078 lnferre
282 2030 311 2077 ct
330 2025 393 2077 fatis
411 2041 504 2092 regem
523 2041 552 2078 se
572 2024 662 2078 dicere
680 2024 763 2093 posci,

159 2101 285 2166 Edoccat,
304 2100 459 2167 rrrultasque
478 2100 535 2152 viro
553 2117 583 2153 sc
600 2101 750 2168 adiungere
767 2100 858 2168 gentis

158 2176 303 2241 Dardania,
323 2179 351 2228 et
369 2176 423 2227 late
444 2175 521 2228 Latio
540 2174 726 2228 increbescere
745 2192 850 2228 nomen.

157 2252 230 2316 Quid
242 2255 330 2304 struat
343 2250 385 2302 his
397 2250 507 2318 coeptis,
521 2267 610 2318 quem,
624 2251 646 2302 si
661 2251 782 2304 llortuna
794 2255 932 2320 sequatur,
985 2269 1008 2307 15

157 2330 292 2382 Eventurn
311 2343 418 2394 pugnae
436 2327 536 2394 cupiat,
555 2327 724 2380 manifestius
742 2328 801 2396 ipsi,

158 2405 245 2470 Quam
264 2404 354 2456 Turno
373 2402 438 2470 rugi,
457 2407 504 2456 aut
523 2403 581 2470 regi
601 2403 733 2472 adparere
752 2403 857 2458 Latino.

191 2480 267 2533 Talia
284 2497 333 2548 per
353 2480 468 2533 Latium.
506 2481 581 2545 Quae
601 2480 814 2534 Laomedontius
832 2480 912 2533 heros

157 2557 261 2611 Cuncta
279 2557 374 2610 videns
392 2573 489 2624 magno
508 2573 633 2610 curarum
652 2555 766 2610 fluctuat
784 2561 877 2622 aestu;

159 2636 254 2702 Atque
266 2634 386 2686 animum
399 2650 468 2686 nuno
481 2633 532 2686 huc
545 2633 669 2699 celerem,
683 2650 753 2687 nunc
766 2633 864 2687 dividit
875 2633 946 2701 illue
983 2648 1007 2686 ae

158 2711 191 2763 In
210 2711 350 2778 partisque
368 2711 441 2778 rapit
459 2712 546 2763 varias
565 2727 668 2778 perque
687 2710 777 2763 omnia
794 2713 898 2764 versat:

157 2787 234 2840 Sicut
252 2801 339 2853 aquae
356 2786 504 2839 tremulum
523 2786 606 2840 labris
624 2786 671 2839 ubi
689 2786 780 2840 lumen
798 2785 874 2839 aenis

157 2863 220 2916 Sole
237 2877 426 2930 repercussum
444 2867 493 2915 aut
510 2863 642 2916 radiantis
661 2862 779 2930 imagine
799 2862 892 2916 Lunae

157 2938 257 2992 Omnia
273 2937 419 3005 pervolitat
436 2938 491 2990 late
508 2937 574 3004 loca,
592 2939 700 3007 iamque
719 2939 770 2992 sub
788 2955 867 2993 auras

157 3015 280 3082 Erigitur
297 3013 450 3081 summique
466 3013 532 3068 ferit
549 3015 689 3084 laquearia
706 3015 780 3069 tecti.
982 3031 1005 3070 21

157 3093 220 3147 Nox
238 3093 305 3158 erat,
323 3093 353 3144 et
370 3094 459 3144 terras
477 3092 602 3145 anirnalia
619 3093 690 3146 fessa
707 3109 757 3159 por
774 3093 861 3145 omnis

157 3169 282 3223 Alituum
301 3166 490 3236 pecudumque
508 3185 594 3235 genus
612 3186 693 3238 sopor
710 3169 781 3222 altus
799 3168 930 3223 habebat:

157 3246 226 3301 Cum
243 3248 324 3313 pater
342 3244 369 3298 in
388 3245 447 3315 ripa
464 3245 602 3315 gelidique
621 3246 671 3300 sub
690 3245 810 3300 aetheris
827 3262 878 3300 axe
