2278 3568
390 180 573 230 AENEIDOS
590 179 660 228 LIB.
680 180 733 229 III.
941 181 987 228 135

133 265 176 320 «m
193 282 290 320 conum
307 263 421 332 insignis
438 262 533 330 galeae
551 261 703 330 cristasque
721 260 861 328 comantis,

140 345 227 396 Arma
245 339 426 408 Neoptolemi.
464 338 534 392 Sunt
552 342 582 391 et
601 355 649 390 sua
667 338 739 390 dona
756 337 872 406 parenti.

140 418 230 473 Addit
247 433 339 486 equos,
357 415 491 484 additque
509 415 607 480 duces;
952 425 989 465 470

140 495 295 563 Remigium
314 494 422 562 supplet
428 515 434 559 ;
455 494 540 547 socios
558 493 638 546 simul
656 493 767 547 instruit
784 493 873 546 armis,

174 572 287 624 Interea
304 571 417 624 classem
436 570 503 624 velis
521 573 617 639 aptare
635 569 749 623 iubebat

140 647 281 715 Anchises,
299 647 378 700 fieret
397 650 479 700 vento
497 663 573 700 mora
590 664 626 700 ne
645 663 699 715 qua
716 647 821 700 ferenti.

140 724 227 788 Quem
246 723 349 777 Phoebi
368 724 504 792 interpres
522 723 608 776 multo
627 723 772 792 compellat
789 723 903 776 honore:

140 800 278 868 Coniugia,
299 800 428 866 Anchise,
449 799 564 852 Veneris
583 800 696 868 dignate
715 800 839 868 superbo,
954 811 990 850 470

140 876 213 930 (lura
230 877 320 944 deum,
337 875 379 929 bis
398 876 555 943 Pergameis
573 879 668 943 erepte
686 875 778 944 ruinis,

140 952 209 1006 Ecce
227 953 278 1006 tibi
298 953 436 1005 Ausoniae
454 952 550 1015 tellus;
569 951 638 1003 hanc
656 950 746 1018 arripe
764 952 838 1006 velis.

140 1029 177 1082 llt
194 1032 287 1082 tamen
305 1027 374 1080 hanc
392 1028 488 1094 pelago
506 1025 710 1094 praeterlabare
729 1043 838 1081 necesse
856 1033 911 1095 est;

140 1105 278 1159 Ausoniae
296 1119 359 1174 pars
377 1103 423 1156 illa
440 1103 541 1171 procul,
562 1119 644 1172 quam
662 1102 760 1172 pandit
778 1104 884 1173 Apollo.

140 1180 227 1246 Vade,
245 1181 291 1248 ait,
311 1197 326 1232 0
344 1179 409 1233 felix
428 1180 486 1232 nati
504 1180 616 1248 pietate.
653 1179 726 1244 Quid
744 1181 816 1234 ultra
953 1196 991 1235 400

141 1257 279 1311 Provehor
296 1260 326 1310 et
343 1256 425 1310 fando
444 1256 581 1324 surgentis
599 1256 726 1309 demoror
745 1261 869 1313 austrosl

140 1333 199 1386 Nec
216 1335 305 1386 minus
324 1333 523 1400 Andromache,
542 1333 667 1401 digressu
685 1339 791 1389 maesta
809 1353 942 1405 supremo,

141 1409 207 1463 Fert
224 1411 374 1479 picturatas
393 1409 453 1462 auri
471 1409 623 1463 subtemine
641 1414 731 1464 vestes

140 1485 176 1540 Et
195 1487 340 1555 Phrygiam
360 1487 477 1539 Ascanio
496 1487 674 1554 chlamydem,
693 1505 743 1541 nec
761 1489 834 1542 cedit
851 1489 952 1558 honori,

140 1563 345 1631 Textilibusque
363 1566 459 1615 onerat
477 1562 564 1630 donis,
582 1579 613 1615 ac
632 1563 698 1614 talia
716 1565 802 1618 fatur:
954 1580 990 1618 400

141 1640 242 1708 Accipe
254 1643 283 1692 et
295 1639 369 1705 haec,
381 1655 510 1690 manuum
522 1638 573 1690 tibi
586 1655 657 1706 quae
670 1644 844 1694 monumenta
855 1657 978 1696 mearum

141 1715 208 1782 Sint,
219 1732 295 1784 puer,
308 1719 337 1767 et
348 1714 459 1782 longum
474 1713 682 1766 Andromachae
695 1718 833 1768 testentur
844 1733 973 1784 amorem,

141 1793 268 1860 Coniugis
289 1792 448 1844 Hectoreae.
484 1791 557 1858 Cape
575 1789 647 1842 dona
664 1793 787 1844 extrema
804 1797 921 1857 tuorum,

141 1869 164 1922 Ο
183 1869 249 1921 mihi
268 1869 324 1921 sola
342 1869 396 1921 mei
415 1884 497 1936 super
515 1867 690 1936 Astyanactis
708 1867 803 1936 imago

141 1945 185 1999 Sic
203 1945 300 2012 oculos,
319 1945 357 1997 sic
374 1945 419 1998 ille
437 1960 540 2009 manus,
559 1944 596 1996 sic
615 1961 662 1996 ora
679 1944 798 2009 ferebnt;
955 1960 992 2000 400

141 2022 178 2074 Ilt
195 2037 265 2074 nunc
283 2021 390 2088 aequali
408 2025 499 2074 tecum
516 2019 680 2088 pubesceret
698 2037 770 2074 aevo.

142 2097 201 2151 Hos
220 2113 269 2164 ego
288 2096 444 2162 digrediens
462 2096 578 2147 lacrimis
597 2094 710 2148 adfabar
729 2097 845 2152 obortis:

142 2174 233 2226 Viuite
252 2173 351 2238 felices,
371 2171 470 2238 quibus
488 2176 530 2224 est
547 2170 657 2223 fortuna
674 2176 785 2238 peracta

143 2249 202 2302 lam
222 2264 282 2310 sua;
302 2264 350 2300 nos
368 2246 421 2299 alia
439 2263 473 2298 cx
492 2246 550 2299 aliis
568 2247 596 2298 in
614 2247 670 2298 fata
689 2263 821 2301 vocamur.

143 2325 228 2378 Vobis
245 2327 325 2392 parta
343 2324 434 2392 quies;
452 2323 555 2375 nullum
573 2322 655 2376 maris
673 2339 775 2391 aequor
792 2325 931 2388 arandum,
955 2338 991 2378 400

143 2403 218 2456 Arva
234 2417 323 2470 neque
342 2400 481 2454 Ausoniae
500 2416 609 2468 semper
627 2400 753 2454 cedentia
771 2404 845 2454 retro

143 2479 313 2544 Quaerenda.
350 2477 474 2544 Effigiem
492 2476 596 2530 Xanthi
615 2477 778 2546 Troiamque
796 2477 903 2546 videtis,

143 2556 229 2620 Quam
247 2559 355 2608 vestrae
372 2554 463 2607 fecere
481 2570 584 2619 manus,
603 2553 767 2620 melioribus,
786 2557 857 2622 opto,

144 2633 288 2700 Auspiciis,
307 2635 335 2684 et
353 2648 424 2700 quae
441 2630 525 2684 fuerit
542 2630 632 2683 minus
650 2630 729 2683 obvia
747 2629 842 2684 Graiis.

143 2708 298 2777 Siquando
317 2707 444 2776 Thybrim
462 2707 604 2774 vicinaque
624 2706 770 2776 Thybridis
787 2725 851 2762 arva
956 2722 992 2760 soc

144 2786 253 2838 lutrano
270 2785 401 2851 gentique
419 2800 496 2836 meae
515 2783 580 2836 data
598 2785 705 2836 moenia
724 2801 840 2850 cernam,

143 2861 278 2928 Cognatas
295 2860 378 2913 urbes
397 2860 461 2912 olim
479 2862 646 2929 populosque
664 2861 836 2929 propinquos,

142 2938 232 3006 Epiro,
253 2936 394 3002 Hesperia,
414 2937 514 3004 quibus
531 2937 604 2989 idem
624 2936 768 2988 Dardanus
787 2940 881 2989 auctor

144 3016 239 3082 Atque
256 3012 329 3065 idem
348 3029 433 3080 casus,
451 3029 532 3064 unam
551 3013 679 3065 faciemus
698 3016 844 3079 utramque

143 3089 250 3142 Troiam
269 3089 379 3151 animis;
398 3092 507 3140 maneat
525 3093 631 3142 nostros
650 3106 683 3142 ea
701 3105 766 3141 cura
783 3091 902 3156 nepotes.
956 3105 991 3145 000

178 3165 355 3218 Provehimur
372 3164 469 3232 pelago
487 3164 572 3216 ticina
591 3165 723 3219 Ceraunia
740 3165 824 3231 iuxta,

143 3238 224 3296 Unde
240 3240 294 3295 iter
313 3239 422 3294 Italiam
440 3255 589 3309 cursusque
607 3240 782 3294 brevissimus
799 3241 885 3297 undis
