2268 3570
416 156 492 204 AEN
495 156 599 204 EIDOS
617 156 686 206 LIB.
706 156 740 203 X.
959 160 1004 206 269

156 238 269 292 Hortati
289 254 389 304 snmus,
409 240 457 290 aut
476 236 560 290 vitam
580 237 752 290 committere
772 237 880 291 ventisi

156 314 229 368 Num
247 330 332 383 puero
352 329 485 366 summam
503 311 575 380 belli,
591 330 656 366 num
675 313 786 366 eredere
806 315 916 367 murosl
981 327 1006 368 re

156 391 377 457 Tyrrhenamque
395 388 478 442 fidem
497 393 545 442 aut
562 390 652 456 gentis
671 389 776 457 agitare
795 389 922 457 quietasl

156 466 222 529 Quis
242 466 310 518 deus
329 466 357 518 iu
377 465 509 533 fraudem,
529 483 599 534 quae
619 467 689 518 dura
707 465 831 534 potentia
849 465 936 518 nostri

156 542 239 610 Egitl
258 541 304 595 ubi
324 543 368 596 hic
391 543 468 608 Iuno,
489 542 640 595 demissave
662 541 780 595 nubibus
803 541 876 594 Irisl

156 618 303 686 Indignum
323 623 366 672 est
387 619 473 672 Italos
492 618 600 671 Troiam
620 619 789 672 circumdare
808 617 924 670 flammis

155 694 181 746 N
183 699 327 763 ascentem,
346 699 375 748 et
393 695 483 763 patria
503 695 625 748 Turnum
643 695 793 748 consistere
813 697 895 758 terra,
981 708 1004 747 re

156 771 206 824 Cui
226 771 367 824 Pilumnus
386 787 460 838 avua
480 771 522 824 oui
543 771 605 824 diva
626 771 733 824 Venilia
753 773 859 824 mater:

155 846 235 914 Quid,
254 848 313 900 face
331 847 461 900 Troianos
480 850 540 900 atra
558 849 613 900 vim
630 847 703 900 ferre
722 846 835 912 Latinis,

155 923 230 975 Arva
248 923 337 976 aliena
355 924 419 990 iugo
440 939 566 990 premere
587 926 670 992 atque
690 926 814 976 avertere
833 923 969 990 praedast

155 997 227 1060 Quid
247 1015 353 1052 soceros
373 999 464 1066 legere
481 1002 510 1052 et
528 999 639 1066 gremiis
659 998 795 1052 abducere
811 1002 912 1067 pactas,

155 1073 253 1128 Pacem
272 1091 351 1128 orare
369 1092 459 1142 manu,
480 1075 632 1143 praefigere
649 1074 786 1143 puppibus
803 1077 898 1129 annai
978 1091 1003 1128 so

154 1150 194 1204 Tu
212 1156 291 1220 potes
311 1155 425 1206 Aenean
444 1151 569 1205 manibus
589 1151 740 1205 subducere
761 1151 882 1218 Graium,

155 1226 262 1296 Proque
282 1229 340 1282 viro
359 1229 486 1282 nebulam
506 1232 535 1282 et
554 1231 650 1282 ventos
669 1227 819 1282 obtendere
838 1228 933 1296 inanis,

154 1303 190 1357 Et
207 1308 285 1374 potes
303 1305 331 1358 in
349 1305 467 1358 totidem
485 1305 599 1358 classem
617 1308 776 1359 convertcre
794 1304 953 1373 Nymphas:

153 1380 210 1434 Nos
228 1381 334 1451 aliquid
353 1382 470 1435 Rutulos
486 1385 582 1437 contra
600 1381 700 1435 iuvisse
717 1381 866 1435 nefandum
884 1382 947 1436 esti
977 1417 983 1428 ·

153 1459 262 1511 Aeneas
281 1458 392 1525 ignarus
414 1458 508 1512 abest:
532 1458 643 1525 ignarus
664 1463 694 1512 et
715 1458 794 1512 absit.
978 1473 1003 1510 se

152 1531 203 1586 Est
227 1532 343 1601 Paphus,
364 1533 538 1600 Idaliumque
557 1533 614 1599 tibi,
636 1537 700 1588 sunt
719 1535 775 1587 alta
796 1534 932 1602 Cythera:

153 1607 225 1672 Quid
236 1609 378 1676 gravidam
395 1609 473 1662 bellis
490 1608 586 1662 urbem
603 1613 632 1664 et
648 1610 730 1662 eorda
747 1626 844 1678 aspera
858 1611 999 1677 temptusi

152 1684 244 1738 Nosne
264 1685 315 1738 tibi
334 1685 422 1738 fluxas
442 1684 576 1752 Phrygiae
595 1702 639 1738 res
659 1688 768 1738 vertere
786 1686 872 1738 fundo

152 1760 304 1814 Conamuri
326 1762 395 1814 nosi
419 1777 453 1813 an
476 1760 588 1814 miseros
607 1761 655 1830 qui
675 1761 759 1814 Troas
780 1761 892 1814 Achivis

152 1835 280 1890 Obiecitl
305 1836 381 1900 Quae
402 1852 498 1890 caussa
518 1836 578 1902 fuit,
601 1853 764 1904 consurgere
785 1837 813 1890 in
834 1853 910 1890 arma
976 1854 1001 1891 eo

152 1912 343 1982 Europamque
362 1913 521 1981 Asiamque,
539 1917 569 1966 et
586 1913 697 1966 foedera
715 1913 820 1966 solvero
838 1913 930 1966 furtel

151 1989 198 2042 Me
219 1989 287 2042 duce
306 1990 462 2042 Dardanius
481 1990 608 2057 Spartam
628 1990 794 2058 expugnavit
813 1989 930 2056 adulter,

152 2067 211 2118 Aut
232 2082 282 2133 ego
303 2066 358 2119 tela
378 2066 450 2132 dedi,
469 2065 557 2118 fovive
580 2065 714 2134 Cupidine
734 2065 827 2119 belial

151 2140 219 2195 Tum
239 2142 332 2196 decuit
351 2143 481 2195 metuisse
498 2141 572 2195 tuis:
589 2158 661 2195 nunc
680 2158 742 2194 sera
761 2141 879 2209 querelis

151 2217 235 2272 Haud
253 2218 333 2272 iustis
355 2217 487 2283 adsurgis,
510 2220 539 2271 et
558 2217 641 2270 inrita
661 2217 750 2284 iurgia
771 2217 862 2271 iactas.
976 2231 999 2269 ee

185 2295 295 2348 Talibus
315 2294 412 2348 orabat
432 2294 508 2360 luno,
521 2293 667 2362 cunctique
679 2292 832 2347 fremebant

150 2371 299 2426 Caelicolae
317 2371 435 2425 adsensu
452 2370 541 2434 varie;
565 2386 615 2423 ceu
633 2368 741 2422 flamina
759 2369 847 2437 prima

150 2448 219 2501 Cum
238 2447 373 2516 deprensa
389 2447 510 2499 fremunt
530 2445 612 2513 silvis,
633 2449 663 2500 et
684 2462 764 2498 caeca
783 2445 908 2500 volutant

150 2523 299 2590 Murmura,
318 2529 448 2577 venturos
466 2523 556 2576 nautis
574 2522 719 2592 prodentia
737 2526 840 2581 ventos.

150 2600 218 2652 Tum
237 2601 321 2653 Pater
338 2601 516 2668 omnipotens,
534 2616 626 2653 rerum
644 2599 687 2654 cui
705 2599 793 2668 prima
810 2601 938 2667 potestas,
963 2615 999 2652 roo

150 2676 234 2739 Infit3
257 2693 289 2730 eo
309 2676 418 2730 dicente
438 2677 520 2730 deum
541 2676 638 2729 domus
657 2676 713 2730 alta
733 2675 841 2741 silescit,

150 2752 187 2806 Et
204 2753 367 2806 tremefacta
386 2753 442 2806 solo
460 2753 558 2817 tellus3
583 2753 645 2806 silet
663 2753 765 2806 arduus
783 2751 896 2815 aether3

149 2828 217 2883 Tum
231 2828 346 2898 Zephyri
363 2845 496 2898 posuere;
517 2829 618 2898 premit
634 2829 740 2898 placida
757 2845 875 2898 aequora
891 2835 997 2896 pontus.

151 2905 275 2974 Accipite
296 2921 361 2972 ergo
382 2905 478 2958 animis
499 2909 582 2974 atque
602 2906 668 2959 hacc
687 2923 748 2960 mea
767 2905 843 2973 figite
863 2904 942 2957 dicta.

150 2981 376 3050 Quandoquidem
394 2981 530 3034 Ausonios
546 2981 672 3048 coniungi
688 2982 798 3034 foedere
816 2979 927 3034 Teucris
962 2997 996 3034 1⁰5

150 3058 234 3112 Haud
252 3057 363 3122 licitum,
383 3073 433 3109 neo
452 3059 543 3110 vestra
562 3059 635 3126 capit
655 3057 791 3110 discordia
811 3057 908 3109 finem:

149 3134 225 3199 Quae
237 3134 335 3204 cuique
343 3136 386 3187 est
394 3132 505 3186 fortuna
513 3133 602 3198 hodie,
613 3149 694 3204 quam
705 3133 819 3202 quisque
828 3135 902 3186 secat
911 3147 995 3202 spem,

149 3210 216 3266 Tros
236 3210 389 3265 Rutulusne
408 3210 474 3275 fuat,
494 3209 568 3262 nullo
584 3208 738 3263 discrimine
757 3208 870 3272 habebo,
