2268 3570
128 162 176 210 296
366 161 394 209 P.
412 159 567 208 vnnelnl
584 157 749 210 MARONIS

129 241 276 295 Tantorum
295 243 416 312 inpensis
434 257 563 310 operum3
583 240 621 293 nil
639 241 712 296 dona
729 259 818 313 neque
836 256 933 296 aurum

129 316 188 370 Nec
205 335 318 386 magnas
336 319 453 372 valuisse
470 332 579 385 preces;
603 316 657 370 alia
675 335 751 373 arma
769 318 876 373 Latinis

130 393 300 462 Quaerenda,
318 400 367 449 aut
385 411 479 464 pacem
498 392 613 446 Troiano
631 393 666 447 ab
684 413 749 464 rege
767 394 925 464 petendum.
943 407 979 446 aas

129 469 230 523 Deficit
248 471 352 538 ingenti
371 471 447 524 luctu
466 487 514 522 rex
532 469 591 536 ipse
611 470 731 527 Latinus.

130 545 253 600 Fatalem
273 549 385 601 Aenean
404 546 549 600 manifesto
566 546 677 600 numine
694 549 759 602 ferri

130 622 271 676 Admonet
289 624 330 676 ira
348 624 431 677 deum
449 622 602 688 tumulique
619 628 684 676 ante
700 641 749 678 ora
766 627 897 677 recentes.

131 697 203 766 Ergo
221 700 363 752 concilium
383 715 509 767 magnum
528 698 684 768 primosque
702 717 812 754 suornm

130 775 241 843 Inperio
258 777 361 829 accitos
379 776 434 829 alta
453 775 525 827 intra
544 774 637 828 limina
654 777 734 844 cogit.
943 792 979 830 {as

130 851 183 904 Olli
203 868 360 920 convenere,
381 853 523 919 fluuntque
541 850 578 903 ad
595 853 671 920 regia
688 854 776 922 plenis

130 928 212 982 Tecta
230 929 288 982 viis,
324 929 410 982 Sedet
427 929 454 980 in
473 927 571 981 mediis
589 932 618 980 et
636 945 778 983 maxumus
797 943 863 982 aevo

74 1033 78 1039 ·
129 1003 167 1058 llt
184 1006 289 1074 primus
307 1006 428 1074 sceptris,
446 1004 521 1058 haud
538 1003 611 1057 lacta
627 1005 724 1074 fronte,
743 1007 863 1059 Latinus

130 1083 225 1150 Atque
243 1082 287 1135 hic
304 1083 409 1150 legatos
429 1081 529 1135 Aetola
547 1097 581 1134 ex
599 1081 667 1134 urbe
685 1083 818 1150 remissos,

130 1157 205 1221 Quae
223 1159 350 1224 referant,
368 1158 419 1210 fori
437 1157 521 1222 iubet,
541 1160 570 1210 et
588 1175 716 1226 responsa
734 1161 854 1228 reposcit
942 1175 978 1215 ato

130 1233 233 1287 Ordine
251 1238 348 1288 cuncta
366 1251 421 1287 suo.
458 1234 526 1286 'lum
544 1234 616 1286 factu
634 1235 742 1288 silentia
759 1235 865 1304 linguis,

132 1310 167 1362 lit
186 1311 308 1363 Venulus
327 1311 401 1364 dicto
419 1327 517 1379 parens
535 1310 574 1362 ita
591 1310 675 1362 farier
693 1312 767 1365 infit:

166 1385 300 1453 Vidimus,
319 1405 335 1439 0
354 1387 433 1452 cives,
452 1386 614 1438 Diomedem
633 1386 792 1456 Argivaque
810 1395 905 1457 eastun,

134 1465 225 1530 Atque
243 1463 297 1516 iter
314 1465 415 1516 emensi
434 1479 511 1515 casus
530 1463 715 1530 superavimus
734 1465 828 1531 onmis,

132 1537 354 1608 Contigimusquo
372 1556 489 1606 manum,
508 1555 563 1606 qua
580 1539 697 1592 concidit
716 1540 768 1592 ilia
785 1541 873 1594 tellus.
942 1557 978 1596 aas

132 1613 183 1666 Ille
201 1615 297 1669 urbem
318 1617 481 1684 Argyripam
499 1615 606 1684 patriae
623 1617 780 1683 cognomine
797 1617 887 1684 gentis

132 1690 227 1744 Victor
245 1691 363 1760 Gargani
384 1692 519 1746 condebat
539 1692 648 1760 Iapygis
666 1693 745 1760 agris.

132 1765 279 1836 Postquam
297 1769 456 1837 introgressi
476 1773 504 1821 et
522 1785 612 1821 coram
631 1768 697 1822 data
714 1769 791 1837 copia
808 1770 890 1838 fandi,

131 1841 246 1896 Munera
263 1846 449 1912 praeferimus,
469 1862 567 1898 nomen
586 1846 758 1913 patriamqne
776 1845 920 1912 docemus;

131 1919 182 1982 Qui
196 1919 296 1973 bellum
310 1921 459 1987 intulerint,
470 1939 540 1988 quae
553 1938 648 1974 carissa
660 1922 806 1974 attraxerit
822 1925 909 1988 Arpos
944 1937 980 1976 ato

132 1995 243 2050 Auditis
262 1991 307 2050 ille
325 1997 391 2051 haee
408 1997 515 2066 placido
533 1997 571 2049 sie
589 1996 711 2049 reddidit
729 2013 788 2049 ore:

131 2071 154 2123 Ο
173 2071 327 2127 fortunatae
344 2080 447 2142 gentes,
467 2073 595 2126 Saturnia
612 2089 703 2140 regna,

132 2147 246 2217 Antiqui
266 2151 388 2218 Ausonii,
407 2166 477 2218 quae
495 2166 542 2202 vos
560 2149 669 2201 fortuna
688 2149 795 2216 quietos

117 2224 272 2290 ¹Sollicitat,
293 2226 444 2294 suadetque
462 2226 556 2293 ignota
574 2225 706 2278 lacessere
725 2224 812 2279 bellai

95 2324 98 2332 ¹
131 2301 299 2368 Quicumque
319 2299 416 2355 llia'cos
434 2302 506 2354 ferro
524 2301 683 2353 violavimus
701 2318 824 2368 agree,—
944 2317 980 2356 aaa

130 2375 212 2429 Mitto
232 2395 269 2440 oa,
288 2395 358 2445 qnae
377 2377 461 2429 muris
479 2375 606 2428 bellando
625 2377 759 2430 exhausta
777 2379 827 2430 sub
845 2377 916 2445 altis,

131 2453 203 2517 Quos
222 2453 320 2504 Simois
338 2458 444 2519 premat
462 2451 507 2503 ille
525 2452 742 2506 viros—infanda
759 2470 808 2520 per
826 2453 919 2506 orbem

130 2527 267 2597 Supplicia
286 2535 314 2581 ct
332 2528 463 2581 scelerum
481 2544 582 2593 poenas
601 2528 781 2595 expendimus
799 2546 899 2597 omnes,

132 2604 182 2657 Vol
203 2605 311 2657 Primus
329 2603 483 2657 miseranda
500 2619 610 2667 nranns3
629 2603 680 2656 seit
698 2603 779 2657 triste
798 2606 939 2659 Minervae

131 2680 212 2732 Sidus
230 2686 259 2732 et
280 2681 413 2733 Euboicae
431 2683 525 2732 cautes
543 2679 669 2746 ultorque
689 2679 852 2747 Caphereus.
944 2699 980 2736 sse

131 2756 230 2808 Militia
248 2773 280 2808 ox
300 2757 346 2809 illa
364 2757 502 2809 diversum
521 2755 557 2808 ad
575 2755 640 2808 litus
659 2755 749 2810 abacti

132 2832 246 2886 Atrides
267 2833 358 2887 Protei
376 2833 517 2886 Menelaus
536 2833 657 2898 adusque
677 2833 815 2886 columnas

132 2910 251 2974 Exsulat,
275 2912 412 2962 Aetnaeos
433 2909 503 2961 vidit
523 2908 654 2976 Cyclopes
676 2908 778 2963 Ulixes.

132 2985 229 3053 Regna
248 2986 421 3053 Neoptolemi
441 2985 568 3052 referam,
591 3001 739 3054 versosque
757 2987 865 3054 penatis

133 3061 289 3114 [domeneil
312 3061 446 3127 Libycone
466 3061 618 3115 habitantis
636 3061 717 3114 litore
738 3062 853 3114 Locros?

134 3137 377 3206 lpseMycenaens
396 3155 555 3206 magnorum
576 3138 673 3191 ductor
693 3138 825 3190 Achivom

131 3212 260 3279 coniugis
280 3212 408 3267 infandae
427 3214 515 3282 prima
532 3213 606 3266 intra
624 3213 717 3266 limine
735 3212 832 3264 dextra
