2278 3568
132 139 160 186 88
358 137 386 183 P.
411 133 561 185 VERGILI
580 138 711 188 MARON
715 139 748 188 IS

131 219 301 288 Adloquitur
314 219 421 274 Venus:
445 221 468 273 Ο
481 221 529 290 qui
541 239 586 276 res
597 223 793 294 hominumque
805 227 942 297 deumque

131 298 261 350 Aeternis
279 296 351 364 regis
369 297 487 364 inperiis,
507 302 537 352 et
554 299 667 353 fulmine
686 305 780 371 terres,
947 323 981 362 aa

130 373 203 437 Quid
220 390 298 426 meus
317 375 426 426 Aeneas
445 373 472 424 in
492 377 521 428 te
539 377 710 430 committere
729 382 844 447 tantum,

131 450 202 514 Quid
222 449 305 502 Troes
322 453 446 517 potuere,
465 451 572 518 quibus,
591 456 634 506 tot
652 453 749 507 funera
766 457 858 524 passis,

130 527 251 580 Cunctus
270 525 306 578 ob
327 525 436 579 ltaliam
455 531 591 581 terrarum
610 529 749 584 clauditur
767 532 855 587 orbisl

130 604 212 657 Certo
230 602 293 654 hino
313 602 449 656 Romanos
467 603 539 673 olim,
558 605 731 660 volventibus
749 609 832 676 annis,

131 681 203 733 Hinc
220 679 279 732 fore
298 678 433 746 ductores,
453 685 579 734 revocato
598 700 614 735 a
633 685 765 752 sanguine
784 685 888 756 deuon,
949 704 985 745 235

131 757 183 821 Qui
201 773 282 824 mare,
302 757 349 824 qui
368 760 456 811 terras
474 760 547 812 omni
566 759 673 814 dicione
691 765 824 829 tenerent,

132 833 276 898 Pollicitus,
296 851 367 902 quac
385 837 421 902 te,
440 835 555 903 genitor,
576 839 712 892 sententia
729 840 829 894 vertiti

132 911 191 965 Hoc
209 910 337 980 equidem
357 928 480 964 occasum
499 912 595 966 Troiae
614 914 757 984 tristisque
775 917 867 970 ruinas

130 987 249 1056 solabar,
267 987 330 1041 fatis
349 989 485 1042 contraria
502 989 559 1042 fata
576 992 746 1059 rependens;

130 1064 208 1118 Nunc
227 1064 323 1118 eadem
342 1066 452 1118 fortuna
469 1067 540 1120 viros
559 1070 602 1120 tot
620 1069 728 1122 casibus
745 1076 819 1123 actos
948 1085 984 1122 aro

131 1140 297 1209 Insequitur.
334 1141 420 1205 Quem
439 1143 489 1195 das
507 1143 597 1211 finem,
615 1161 664 1197 rex
682 1161 789 1212 magne,
808 1139 948 1200 laborum?

131 1220 255 1272 Antenor
273 1218 370 1286 potuit,
390 1218 488 1271 mediis
507 1219 615 1288 elapsus
635 1221 754 1288 Achivis,

131 1294 251 1362 Illyricos
270 1297 416 1362 penetrare
435 1295 509 1347 sinus
528 1299 611 1364 atque
630 1297 726 1349 intima
744 1301 820 1350 tutus

131 1371 227 1438 Regna
246 1369 434 1437 Liburnorum,
454 1375 482 1423 et
500 1371 604 1424 fontem
624 1389 754 1441 superare
774 1372 886 1441 Timavi,

131 1447 210 1500 Unde
228 1464 277 1514 per
296 1463 343 1498 ora
361 1463 458 1500 norem
477 1451 555 1500 vasto
574 1464 635 1501 cum
654 1465 794 1502 murmure
813 1450 913 1502 montis
948 1464 984 1502 rie

131 1524 159 1577 It
177 1540 251 1576 marc
270 1526 432 1591 proruptum
451 1527 480 1576 et
498 1524 596 1593 pelago
615 1526 715 1593 premit
734 1543 798 1579 arva
816 1525 929 1580 sonanti

131 1601 184 1656 Hic
202 1604 294 1653 tamen
312 1599 359 1652 ille
377 1599 474 1653 urbem
495 1599 590 1654 Patavi
610 1602 744 1670 sedesque
763 1603 862 1656 locavit

129 1677 302 1742 Teucrorum,
322 1680 351 1730 ct
368 1677 444 1745 genti
462 1695 559 1732 nomen
579 1679 657 1732 dedit
676 1695 806 1749 armaque
825 1681 885 1734 fixit

129 1753 215 1822 Troia,
234 1771 306 1806 nunc
324 1754 430 1822 placida
449 1759 595 1823 cenpostus
613 1773 680 1825 pace
700 1757 828 1824 quiescit:

129 1831 155 1883 N
157 1848 194 1898 os,
213 1835 260 1884 tua
279 1831 430 1899 progenies,
452 1831 519 1884 caeli
538 1831 637 1900 quibus
657 1833 754 1885 adnuis
773 1849 871 1899 arcem,
946 1848 984 1887 aec

130 1907 257 1971 Navibus,
277 1906 431 1960 infandum!
453 1908 566 1974 amissis,
586 1908 665 1961 unius
684 1907 718 1961 ob
738 1909 805 1962 iram

130 1983 275 2036 Prodimur
292 1987 375 2050 atque
396 1983 473 2036 Italis
492 1983 572 2051 longe
592 1983 773 2052 disiungimur
792 1986 852 2039 oris.

130 2059 184 2112 Hic
202 2059 312 2126 pietatis
330 2058 430 2113 honest
453 2061 491 2114 sic
509 2077 558 2113 nos
576 2061 604 2114 in
625 2067 733 2129 sceptra
750 2063 875 2130 reponisl

165 2134 217 2188 Olli
236 2127 379 2188 subridens
397 2136 537 2190 hominum
556 2142 630 2192 sator
648 2143 732 2207 atque
751 2138 864 2192 deorum

129 2207 221 2278 Vultu,
241 2229 294 2280 quo
312 2212 415 2266 caelum
434 2217 669 2284 tempestatesque
687 2219 802 2286 serenat,
947 2231 984 2270 ato

130 2287 228 2341 Oscula
245 2288 340 2342 libavit
359 2295 447 2358 natae,
467 2291 566 2344 dehinc
584 2293 651 2346 talia
669 2293 755 2346 fatur:

132 2365 215 2418 Parce
234 2369 315 2428 metu,
335 2366 478 2433 Cytherea,
498 2373 611 2421 manent
630 2369 733 2421 inmota
751 2373 861 2422 tuorum

130 2441 199 2494 Fata
217 2441 279 2494 tibi:
300 2458 395 2494 cernes
414 2442 511 2496 urbem
530 2448 559 2496 et
577 2445 710 2512 promissa
729 2443 823 2497 Lavini

130 2518 244 2584 Moenia,
264 2517 463 2587 sublimemque
481 2520 553 2572 feres
571 2519 608 2572 ad
626 2519 717 2573 sideru
735 2519 802 2572 caeli

130 2595 333 2663 Magnanssmum
354 2597 482 2661 Aenean3
499 2614 588 2664 neque
606 2613 650 2650 me
669 2597 805 2649 sententia
823 2597 914 2650 vertit.
948 2609 983 2649 aut

132 2672 184 2725 Hic
196 2672 361 2726 tibi-fabor
374 2674 452 2738 enim,
467 2673 576 2742 quando
588 2674 655 2730 haec
668 2677 697 2727 te
710 2690 775 2726 cura
787 2672 934 2739 remordet,

133 2748 247 2816 longius
266 2753 295 2802 et
314 2749 424 2802 volvens
443 2750 560 2804 fatorum
579 2767 677 2806 arcana
695 2748 843 2804 merebe-

131 2825 237 2879 Bellum
255 2826 351 2894 ingens
369 2829 448 2894 geret
469 2827 550 2880 ltalia
568 2827 737 2896 populosque
755 2826 852 2880 ferocis

129 2901 294 2970 contundet,
313 2919 457 2973 moresque
476 2904 541 2956 viris
560 2909 588 2957 et
606 2905 712 2957 moenia
730 2906 820 2972 ponet,

130 2977 222 3031 'lertio
241 2979 306 3031 dum
326 2979 404 3033 Latio
423 2985 583 3049 regnantem
602 2980 703 3038 viderit
721 2984 819 3047 aestus,
947 2993 985 3034 aas

131 3055 272 3126 Ternaquo
291 3057 451 3111 transierint
471 3057 581 3111 Rutulis
600 3057 713 3111 hiberna
732 3056 857 3110 subactis

132 3134 171 3185 At
188 3149 257 3200 puer
275 3135 417 3202 Ascanius,
436 3135 479 3188 cui
497 3151 569 3187 nunc
586 3151 735 3202 cognomen
755 3133 815 3186 Iulo

132 3208 355 3277 Additur‚-llus
373 3215 441 3276 erat,
460 3210 526 3267 dum
544 3227 588 3266 res
607 3212 685 3267 stetit
705 3210 757 3266 llia
774 3225 894 3277 regno·-
