2268 3570
134 151 180 197 326
366 149 393 198 Ρ.
413 148 565 198 VERGILI
582 149 748 199 MARONlS

133 227 194 282 Hoc
214 246 343 285 concussa
360 232 437 282 matu
453 231 574 282 mentem
593 228 710 282 Iuturna
726 231 819 298 virago

133 305 266 374 Aurigam
285 307 370 360 Turni
387 305 478 359 media
494 306 567 359 inter
584 305 642 359 lora
660 307 804 362 Metiscum

133 381 251 451 Excutit,
271 388 300 438 et
317 384 398 451 longe
415 383 522 450 lapsum
540 385 650 436 temone
667 383 810 452 relinquit;
949 395 986 436 tra

134 457 198 526 Ipsa
215 459 296 524 subit
314 457 493 525 manibusque
511 457 640 511 undantis
658 458 745 512 flectit
763 459 890 526 habenas,

133 534 238 590 Cuncta
255 552 361 604 gerens,
378 550 526 602 vocemque
544 537 573 587 et
591 550 689 602 corpus
707 538 735 588 et
753 549 829 588 arma
847 533 962 588 Metisci.

133 610 219 678 Nigra
236 612 311 665 velut
329 627 440 678 magnas
459 609 640 664 dominicum
659 610 751 664 divitis
769 611 852 664 aedes

133 685 261 741 Pervolat
279 691 308 740 et
327 687 423 755 pennis
441 685 497 739 alta
515 685 586 739 atria
603 685 704 738 lustrat
721 685 846 750 hirundo,

134 762 236 816 Pabula
253 779 337 830 parva
355 763 448 830 legens
473 765 601 832 nidisque
631 760 789 829 loquacibus
808 777 897 824 escas;
948 774 985 814 4⁷5

135 839 169 891 Et
186 855 257 891 nunc
276 837 426 908 porticibus
444 836 541 902 vacuis,
560 853 631 890 nunc
649 837 762 890 humida
779 838 880 890 circum

132 913 235 982 Stagna
252 918 343 969 sonat:
362 913 457 966 similis
474 911 579 965 medios
598 913 715 966 Iuturna
731 931 781 982 per
799 913 886 966 hostis

133 989 234 1043 Fertur
251 992 335 1058 equis,
354 989 505 1058 rapidoque
523 989 615 1042 volans
633 989 692 1043 obit
710 989 801 1042 omnia
818 1005 914 1054 curru;

133 1064 248 1134 lamque
259 1066 303 1120 hic
314 1081 481 1134 germanum,
493 1065 601 1132 iamque
613 1064 657 1118 hic
669 1068 790 1118 ostentat
803 1068 929 1119 ovantem
937 1085 947 1130 ;·

132 1141 191 1196 Nee
208 1143 331 1196 comeare
341 1140 662 1214 manumpatitur;vclat
680 1141 741 1193 avia
759 1141 846 1208 longe.
945 1155 984 1194 aec

133 1217 217 1270 Haud
235 1218 325 1270 minus
344 1219 452 1272 Aeneas
469 1219 557 1271 tortos
574 1216 642 1284 legit
660 1216 755 1270 obvius
773 1217 854 1282 orbis,

132 1293 314 1361 Vestigatque
332 1293 419 1346 virum
438 1296 467 1346 et
484 1292 598 1346 disiecta
615 1309 665 1360 per
683 1293 792 1360 agmina
809 1309 908 1360 magna

133 1369 208 1424 Vocc
226 1374 312 1424 vocat.
350 1370 481 1432 Quotiens
499 1369 590 1422 oculos
608 1369 723 1423 coniecit
740 1370 769 1422 in
786 1368 900 1435 hostem,

133 1445 337 1514 Alipedumque
354 1445 446 1512 fugam
464 1460 546 1497 cursu
563 1445 709 1512 temptavit
727 1461 867 1513 equorum,

133 1523 254 1575 Aversos
272 1521 373 1576 totiens
391 1536 487 1574 currus
506 1520 623 1574 Iuturna
641 1521 763 1575 retorsit.
946 1535 983 1574 aaa

133 1598 204 1664 Heu,
223 1597 291 1666 quid
308 1597 389 1666 agatl
426 1595 511 1649 Vario
528 1596 693 1665 nequiquam
711 1596 826 1650 fluctuat
844 1599 931 1664 aestu,

133 1674 318 1743 Diversaeque
337 1676 435 1727 vocant
452 1673 574 1725 animum
591 1673 619 1724 in
637 1673 773 1726 contraria
791 1689 878 1728 curae.

133 1750 206 1804 Huic
224 1750 375 1818 Messapus,
392 1749 434 1802 uti
451 1748 530 1802 laeva
548 1748 602 1800 duo
620 1749 692 1802 forte
708 1748 823 1816 gerebat

133 1825 227 1894 Lenta,
245 1825 312 1879 levis
329 1841 417 1890 cursu,
435 1825 557 1892 praelixa
574 1824 683 1878 hastilia
700 1825 780 1889 ferm,

133 1897 239 1954 Horum
258 1917 342 1954 unum
360 1904 435 1954 certo
454 1904 636 1968 contorquens
654 1899 750 1968 dirigit
768 1899 831 1954 ictu
946 1915 983 1954 sac

132 1977 262 2030 Substitit
281 1979 397 2043 Aeneas,
416 1979 445 2029 et
463 1992 492 2029 se
510 1977 620 2044 collegit
637 1975 665 2027 in
685 1992 766 2039 arma,

133 2052 240 2122 Poplite
258 2051 417 2117 subsidens;
435 2051 539 2120 apicem
557 2056 650 2105 tamen
668 2051 751 2105 incita
769 2067 906 2104 summum

133 2129 222 2182 Hasta
239 2128 311 2194 tulit,
331 2144 504 2194 summasque
521 2127 641 2182 excussit
659 2129 761 2182 vertice
779 2127 883 2181 cristas.

132 2204 199 2257 Tum
218 2221 283 2257 vero
301 2203 453 2272 adsurgunt
471 2203 543 2269 irae;
560 2203 722 2272 insidiisque
740 2203 876 2270 subactus,

133 2279 261 2332 Diversus
277 2278 326 2332 ubi
343 2279 429 2333 sentit
446 2295 531 2348 equos
548 2296 713 2348 currumque
730 2278 834 2343 referri,
946 2293 983 2332 sss

133 2355 221 2409 Multa
241 2356 333 2408 lovem
351 2357 380 2408 et
397 2354 465 2408 laesi
483 2358 601 2408 testatus
618 2355 738 2407 foederis
756 2370 824 2422 aras,

135 2433 193 2484 lam
211 2431 324 2484 tandem
342 2430 447 2483 invadit
465 2429 577 2497 medios,
595 2433 624 2482 et
644 2430 733 2484 Marte
752 2428 871 2483 secundo

132 2507 271 2561 Terribilis
289 2523 397 2560 saevam
414 2505 488 2558 nullo
507 2505 662 2558 discrimine
680 2505 790 2558 caedem

133 2584 259 2650 domitat,
277 2584 433 2650 irarumque
451 2581 538 2635 omnis
556 2581 672 2635 effundit
691 2581 819 2636 habenas.

167 2659 233 2723 Quis
245 2659 312 2712 mihi
323 2675 395 2712 nunc
409 2662 452 2713 tot
466 2658 566 2712 acerba
582 2657 656 2726 deus,
670 2658 731 2725 quis
749 2659 868 2713 carmine
883 2661 982 2713 caedes

133 2735 267 2802 Diversus,
286 2735 446 2802 obitumque
465 2735 571 2802 ducum,
589 2750 657 2802 quos
676 2751 793 2803 aequore
811 2739 870 2788 toto

134 2812 222 2880 inquo
239 2813 325 2865 vicem
342 2827 414 2864 nunc
432 2811 539 2864 Turnus
557 2811 621 2880 agit,
639 2828 710 2865 nuuc
728 2811 824 2866 Troius
841 2811 929 2878 heros,

134 2888 287 2957 llxpcdiatl
305 2887 409 2942 tantcn’
426 2887 529 2956 placuit
547 2904 707 2942 concurrere
725 2890 809 2954 motu,

136 2964 267 3034 luppiter,
285 2969 397 3018 aeterna
414 2963 504 3032 gentis
521 2963 549 3016 in
566 2981 633 3033 pace
651 2964 774 3018 futurasl

134 3042 244 3094 Aeneas
262 3040 394 3094 Rutulum
414 3041 637 3108 Sucronem-ea
654 3040 743 3108 prima
761 3039 865 3093 ruentis
945 3053 982 3092 sos

36 3135 40 3142 ·
134 3118 229 3185 Pugna
246 3116 305 3170 loco
323 3117 421 3171 statuit
440 3117 667 3170 Teucros—haud
684 3116 771 3169 multa
789 3118 946 3178 morantem,

134 3194 244 3263 Excipit
261 3192 290 3246 in
307 3192 387 3260 latus,
405 3197 442 3260 et,
461 3210 515 3262 qua
532 3193 589 3248 fata
607 3193 754 3260 celerrima,
772 3191 887 3245 crudum
