2278 3568
410 132 595 181 AENEIDOS
612 132 682 182 LIB.
701 132 722 181 I.
963 133 993 180 89

145 212 267 282 Triginta
285 228 398 281 magnos
415 212 555 266 volvendis
574 211 713 266 mensibus
731 211 804 266 orbis

146 290 254 358 inperio
273 289 403 356 explebit,
420 306 592 358 regnumque
610 290 644 343 ab
663 288 729 342 sede
749 289 843 342 Lavini
960 304 995 344 am

145 365 309 430 Transierat,
328 368 357 418 et
374 366 482 434 longam
500 367 587 420 multa
604 367 631 420 vi
649 367 754 420 muniet
774 366 882 424 Albam.

147 442 200 496 iiic
217 442 272 494 iam
290 445 333 494 ter
351 445 462 495 centum
480 446 554 496 totos
572 443 731 512 regnabitur
749 460 832 496 annos

146 519 236 572 Gente
254 517 306 571 sub
326 519 471 587 Hectorea,
490 519 577 574 donec
595 520 690 587 regina
708 519 834 574 sacerdos

147 595 237 648 Marte
254 596 345 662 gravis
361 596 497 662 geminam
516 601 598 666 partu
617 597 694 650 dabit
714 597 766 650 iiia
783 597 895 666 prolem.

147 671 218 726 Inde
235 671 316 740 lupae
334 671 407 724 iuivo
424 673 539 726 nutricis
556 673 677 741 tegmine
696 674 784 728 iaetus
961 686 998 727 sss

149 747 279 800 Romulus
298 748 415 817 excipiet
433 752 551 816 gentem,
570 753 599 802 et
618 750 754 804 Mavortia
772 750 873 805 condet

147 823 256 877 Moenia
275 824 466 892 Romanosque
485 842 533 878 suo
552 825 587 878 de
606 827 713 880 nomine
732 827 813 880 dicet.

148 901 200 954 His
218 918 268 970 ego
287 918 337 955 nec
355 905 443 956 metas
461 919 553 955 rerum
570 919 621 956 nec
639 907 762 971 tempora
780 920 866 972 pono;

148 977 288 1046 inperium
308 978 365 1031 sine
383 978 438 1031 fine
456 978 528 1032 dedi.
567 979 638 1044 Quin
657 996 753 1048 aspera
773 980 849 1047 iuno,

148 1053 224 1116 Quae
236 1071 312 1107 mare
324 1071 395 1108 nunc
406 1058 550 1123 terrasque
563 1059 639 1108 metu
650 1056 810 1123 caelumque
821 1056 928 1124 fatigat,
964 1068 1000 1106 rur

148 1129 266 1183 Consilia
284 1131 312 1184 in
330 1131 428 1184 meiius
445 1132 555 1200 referet,
573 1149 734 1201 mecumque
752 1131 855 1186 fovebit

147 1205 293 1274 Romanos,
312 1225 404 1260 rerum
423 1208 553 1277 dominos,
571 1213 736 1278 gentemque
754 1213 884 1278 togatam.

149 1283 193 1336 Sic
210 1283 347 1352 placitum.
384 1284 486 1338 Veniet
503 1285 598 1340 lustris
615 1286 770 1341 labentibus
789 1290 872 1352 aetas,

149 1359 218 1412 Oum
237 1359 332 1414 domus
352 1362 480 1414 Assaraci
500 1362 628 1416 Phthiam
647 1363 788 1432 clarasque
806 1364 935 1431 Mycenas

149 1436 266 1490 Servitio
284 1442 391 1505 premet
409 1455 441 1491 ac
458 1439 536 1492 victis
555 1440 740 1494 dominabitur
760 1441 851 1508 Argis.
966 1453 1002 1490 285

150 1513 286 1566 Nascetur
303 1514 417 1581 pulchre
435 1515 566 1568 Troianus
584 1517 688 1584 origine
708 1517 815 1584 Caesar,

152 1589 291 1658 inperium
311 1590 427 1658 Oceano,
445 1591 545 1645 famam
565 1593 612 1661 qui
631 1593 763 1646 terminet
781 1594 869 1658 astris,

154 1666 245 1734 iulius,
264 1683 280 1719 a
298 1683 397 1734 magno
416 1667 565 1721 demissum
583 1687 681 1722 nomen
702 1669 769 1722 Iuio.

152 1743 233 1796 Hunc
251 1747 282 1797 tu
300 1743 364 1796 oiim
383 1744 465 1812 cacio,
484 1745 577 1813 spoliis
596 1746 716 1799 Orientis
735 1749 869 1811 onustum,

152 1819 278 1888 Accipies
297 1836 406 1886 secura3
423 1821 565 1876 vocabitur
583 1822 627 1876 hic
645 1839 754 1891 quoque
772 1822 848 1876 votis.
968 1834 1003 1872 asc

152 1900 260 1966 Aspera
278 1901 337 1951 tnm
356 1899 452 1966 positis
471 1899 615 1954 mitescent
633 1901 742 1954 saecula
760 1899 852 1965 beliis;

152 1974 226 2028 Cana
245 1974 336 2041 Fides,
357 1978 385 2028 et
404 1976 497 2042 Vesta,
518 1977 605 2030 ltemo
623 1995 684 2030 cum
703 1977 789 2030 fratre
809 1977 946 2042 Quirinus,

153 2051 218 2104 Iura
237 2050 356 2114 dabunt;
376 2051 452 2104 dirae
470 2053 542 2104 ferro
561 2056 590 2105 et
608 2053 773 2121 conpagibus
792 2055 859 2105 artis

153 2126 322 2180 Claudentur
341 2126 411 2178 Belli
430 2132 541 2193 portae;
561 2129 648 2180 Furor
666 2129 765 2195 impius
783 2129 857 2180 intus

153 2205 241 2255 Saeva
254 2201 352 2254 sedens
366 2218 446 2268 super
459 2219 535 2254 arma
547 2207 576 2255 et
589 2207 698 2255 centum
711 2203 818 2255 vinctus
830 2204 905 2256 aenis
970 2218 1005 2257 aas

51 2287 57 2292 ⁴
154 2277 222 2330 Post
240 2279 347 2343 tergum
366 2276 444 2329 nodis
463 2277 561 2330 fremet
579 2277 706 2331 horridus
724 2295 770 2332 ore
788 2283 907 2333 cruento.

188 2352 266 2406 Haec
284 2353 330 2420 ait,
350 2357 378 2406 ot
397 2353 470 2407 Maia
486 2355 609 2422 genitum
629 2355 751 2408 demittit
769 2355 804 2409 ab
822 2356 884 2425 alto,

154 2431 194 2486 Ut
213 2433 415 2500 teneantque
434 2449 519 2486 novae
536 2437 650 2502 pateant
671 2433 847 2501 Karthaginis
866 2451 942 2488 arces

154 2508 283 2577 i-lospitio
302 2508 419 2574 Teucris,
439 2525 472 2563 ne
492 2510 541 2563 fati
559 2511 649 2563 nescia
669 2509 740 2564 Dido

154 2586 267 2640 Finibus
284 2590 397 2640 arceret.
435 2587 517 2640 Volat
536 2587 581 2640 iiie
599 2603 649 2656 per
667 2603 731 2640 aera
748 2605 876 2655 magnum
971 2601 1007 2639 soc

154 2663 280 2730 Remigio
297 2663 408 2731 alarum,
428 2681 458 2718 ac
478 2664 578 2733 Libyae
596 2665 668 2718 citus
687 2663 796 2718 adstitit
814 2664 875 2718 oris.

154 2737 191 2792 Et
209 2739 262 2792 iam
281 2741 353 2794 iussa
371 2741 444 2808 facit,
463 2745 623 2810 ponuntque
641 2741 743 2794 ferocia
763 2741 846 2794 Poeni

155 2815 245 2868 Corda
262 2815 368 2870 volente
388 2817 454 2883 deo;
472 2819 498 2870 in
518 2819 613 2886 primis
631 2818 725 2886 regina
744 2818 867 2886 quietum
949 2827 952 2831 '

156 2891 266 2960 Accipit
283 2891 311 2945 in
330 2893 448 2947 Teucros
467 2895 587 2947 animum
605 2899 782 2962 mentemque
800 2893 953 2960 benignam.

191 2970 231 3021 At
249 2967 310 3036 pius
329 2971 446 3036 Aeneas,
464 2987 514 3038 per
532 2975 640 3024 noctem
657 2971 775 3038 piurima
793 2971 909 3036 volvens,
972 2984 1007 3024 aes

155 3045 196 3098 Ut
213 3044 331 3112 primum
350 3045 397 3097 iux
415 3045 485 3098 aima
504 3047 569 3100 data
587 3051 637 3114 ost,
657 3048 733 3100 exiro
752 3048 879 3116 locosque

156 3119 306 3188 iixpiorare
325 3138 415 3190 novos,
434 3139 501 3191 quas
519 3126 602 3177 vento
620 3125 765 3176 accesserit
783 3139 851 3188 oras,

156 3197 209 3262 Qui
227 3200 347 3268 teneant,
365 3215 429 3254 nam
447 3199 549 3254 inculta
566 3199 651 3267 videt,
670 3199 827 3253 hominesne
845 3199 962 3266 seraone,
