2290 3568
145 154 191 202 218
380 155 410 202 P.
429 154 583 203 VERGILI.
600 155 767 204 MARONIS

143 234 216 302 Ergo
234 235 287 288 iter
305 233 341 287 ad
359 251 452 303 regem
469 235 574 304 polluta
591 253 658 304 pace
679 237 804 293 Latinum

144 310 245 363 Indicit
262 311 356 378 primis
374 311 508 378 iuvenum,
528 315 557 365 et
574 311 651 366 iubet
669 329 744 366 arma
761 313 859 381 parari,

143 386 237 439 'lutari
258 387 374 452 ltaliam,
393 386 542 440 detrudere
561 388 660 441 finibus
678 389 801 454 bostem;

143 462 179 517 Se
197 464 263 516 satis
282 463 414 516 ambobus
432 463 597 532 Teucrisque
616 465 708 518 venire
730 465 892 534 Latinisque.
957 479 995 520 vo

144 539 221 592 Haec
238 539 284 592 ubi
303 539 376 592 dicta
394 538 472 592 dedit
491 539 622 608 divosque
639 541 667 594 in
685 545 749 594 vota
767 542 879 595 vocavit.

144 614 277 668 Certatim
296 631 355 668 sese
375 615 470 667 Rutuli
489 615 668 670 exhortantur
685 617 712 669 in
732 633 813 671 arma.

143 691 223 743 Hunc
242 690 325 744 decus
343 690 482 758 egregium
500 692 603 746 formae
622 697 713 746 movet
731 697 814 761 atque
832 693 964 757 iuventae,

143 765 225 819 Hune
243 767 315 819 atavi
333 783 419 834 reges,
438 766 509 820 huuc
527 768 605 821 elaris
624 769 739 822 dextera
756 769 841 822 lactis.

177 843 249 895 Dum
267 844 373 896 Turnus
392 843 507 896 Rutulos
526 845 621 897 animis
638 845 787 920 audacibus
805 843 897 912 inplet,
957 859 993 898 ore

143 919 251 974 Allecto
268 921 295 973 in
315 920 430 973 Teucros
450 920 550 988 Stygiis
569 937 598 974 sc
616 921 734 974 concitat
751 921 807 973 alis.

144 998 214 1048 Arte
231 1013 300 1050 nora
318 997 456 1065 speculata
474 997 569 1061 locum,
588 1015 642 1066 quo
660 998 739 1050 litore
756 996 869 1063 pulcher

142 1069 253 1124 Insidiis
271 1089 406 1140 cursuque
423 1073 495 1125 foras
512 1073 635 1139 agitabat
655 1073 738 1138 Iulus,

143 1147 196 1201 Hic
214 1147 332 1201 subitam
350 1148 461 1201 canibus
479 1148 582 1201 rabiem
602 1149 712 1215 Cocytia
730 1149 806 1214 virgo

142 1221 242 1276 Obiicit
260 1227 289 1276 et
306 1227 371 1276 noto
389 1224 461 1276 naris
479 1225 611 1290 contingit
629 1225 720 1290 odore,
954 1239 992 1278 400

144 1298 181 1351 Ut
199 1315 307 1352 cervum
326 1299 454 1352 ardentes
473 1305 599 1367 agerent;
618 1317 687 1367 quae
705 1301 792 1369 prima
809 1301 932 1354 laborum

43 1430 47 1436 ,
142 1374 242 1427 Caussa
259 1374 311 1427 fuit
329 1374 455 1442 belloque
474 1375 577 1428 animos
596 1377 719 1429 accendit
737 1378 859 1444 agrestis

141 1449 243 1503 Cervus
261 1453 321 1503 erat
338 1450 425 1502 forma
442 1451 591 1518 praestanti
610 1454 639 1504 et
656 1451 782 1506 cornibus
799 1452 904 1520 ingens,

140 1525 288 1594 Tyrrhidae
306 1526 384 1594 pueri
403 1543 484 1594 quem
503 1527 598 1580 matris
616 1526 651 1579 ab
669 1526 753 1581 ubere
771 1532 880 1598 raptum

142 1601 291 1656 Nutribant
309 1603 498 1672 Tyrrbeusque
516 1607 603 1670 pater,
622 1604 664 1656 eui
683 1604 758 1671 regia
775 1607 873 1671 parcnt
954 1617 990 1655 les

141 1680 282 1745 Armenta,
301 1683 330 1733 ct
347 1680 403 1733 leto
421 1679 544 1733 custodia
562 1679 667 1732 credita
684 1681 782 1748 campi.

141 1755 295 1808 Adsuetum
313 1756 423 1824 inperiis
442 1772 517 1808 soror
534 1754 607 1807 onmi
627 1755 708 1807 Silvia
726 1771 790 1808 cura

140 1830 269 1884 Mollibus
287 1833 413 1884 intexens
431 1830 545 1882 ornabat
563 1846 664 1882 cornua
682 1831 770 1897 sertis,

142 1907 326 1974 Pectebatque
344 1907 438 1970 ferum,
455 1922 578 1972 puroque
595 1905 623 1956 in
641 1905 716 1957 fonto
733 1904 848 1958 larebat.

140 1983 192 2035 llle
210 1999 319 2034 manum
337 1981 444 2049 patiens
462 1996 623 2048 mensaeque
641 1980 772 2032 adsuetus
789 1980 866 2034 herili
953 1997 990 2037 sse

141 2057 257 2111 Errabat
275 2058 348 2110 silvis
367 2073 515 2124 rursusque
533 2056 568 2108 ad
586 2056 679 2108 limina
696 2059 761 2109 nota

141 2133 203 2202 lpse
222 2133 331 2186 domum
350 2149 411 2186 sera
429 2132 552 2200 quamvis
570 2149 599 2185 so
617 2138 696 2186 nocte
713 2131 826 2186 ferebat.

142 2209 221 2262 Hunc
239 2210 332 2279 procul
351 2213 487 2263 errantem
505 2209 616 2262 rabidae
634 2209 758 2263 venantis
776 2209 830 2262 Iuli

140 2285 315 2340 Commovere
333 2302 420 2352 cenea,
439 2284 520 2338 fluvio
539 2301 599 2338 curn
618 2285 689 2338 forte
709 2285 826 2339 seeundo

140 2361 287 2429 Deflucrct,
305 2363 417 2429 ripsque
435 2365 526 2413 aestus
544 2360 680 2414 viridante
698 2362 807 2414 levaret.
953 2377 989 2415 ses

140 2438 203 2506 Ipse
222 2440 311 2500 otiam,
330 2437 443 2490 eximiae
461 2435 549 2488 laudis
567 2453 711 2489 succensus
729 2452 827 2500 amore,

141 2514 273 2567 Ascanius
290 2530 370 2566 curuo
389 2512 491 2564 direxit
509 2511 612 2578 spicula
629 2528 729 2576 eornu;

141 2590 198 2642 Nec
215 2589 330 2642 dextrae
348 2587 450 2640 erranti
468 2587 536 2640 deus
554 2587 629 2651 abrit,
648 2590 762 2655 actaque
781 2587 867 2641 multo

141 2665 247 2735 Perque
265 2669 373 2717 uterum
392 2663 481 2716 sonitu
499 2679 602 2731 perque
619 2663 666 2716 ilia
684 2664 758 2717 venit
776 2663 887 2719 arundo.

138 2741 251 2794 Saucius
269 2744 298 2793 at
316 2739 471 2808 quadrupes
489 2742 554 2792 nota
571 2738 644 2792 intra
661 2743 736 2792 tecta
753 2739 861 2807 refugit,
952 2755 989 2794 soc

139 2815 327 2883 successitque
345 2831 457 2883 gemens
475 2813 597 2882 stabulis,
615 2819 769 2884 questuque
787 2818 914 2868 cruentus

139 2895 233 2960 Atque
251 2892 396 2960 inploranti
415 2891 510 2944 similis
528 2894 631 2944 tectum
650 2908 728 2944 omne
746 2891 876 2960 replebat.

138 2967 221 3021 Silvia
238 2969 325 3036 prima
343 2984 427 3034 soror,
445 2967 542 3035 palmis
560 2984 689 3036 percussa
706 2968 830 3032 lacertos,

139 3044 281 3097 Auxilium
299 3047 377 3097 vocat
395 3047 423 3096 et
442 3042 524 3096 duros
542 3043 693 3096 conclamat
711 3043 833 3110 agrestis.

138 3119 199 3184 Olli,
216 3121 302 3189 pestis
319 3120 390 3174 enim
409 3119 501 3173 tacitis
518 3119 587 3173 latet
605 3136 701 3189 aspera
719 3119 799 3184 silvis,
952 3130 988 3170 000

139 3195 272 3265 Inprovisi
291 3195 398 3261 adsunt,
416 3194 460 3249 hie
477 3198 553 3249 torre
570 3199 691 3249 armatus
709 3194 815 3256 obusto,
