2268 3570
392 175 579 224 AENEIDOS
597 176 664 224 LIB.
685 177 735 224 XI.
945 181 992 230 293

143 256 185 322 Qu
196 274 281 311 ‚enam
300 273 347 310 vos
365 259 443 310 tanto
460 256 570 310 fortuna
589 256 708 324 indigna,
728 257 825 322 Latini,

144 333 273 403 Inplicuit
292 332 370 401 bello,
388 333 434 402 qui
454 349 503 386 nos
521 333 632 400 fugiatis
652 333 767 386 amicost

143 410 241 464 Pacem
259 426 303 463 me
321 410 453 462 exanimis
471 413 500 462 et
519 409 617 463 Martis
636 416 710 462 sorte
729 409 878 477 peremptis
958 423 992 462 uo

142 487 251 540 Oratisl
271 485 398 555 equidem
418 489 447 540 ct
465 486 533 539 vivis
551 485 701 539 concedere
719 485 824 539 vellem.

143 563 168 615 N
170 580 201 616 ec
218 563 288 631 reni,
306 562 357 616 nisi
375 562 433 615 fata
450 562 538 615 locum
558 561 706 630 sedemque
726 561 881 626 dcdisscnt;

144 639 201 693 Nec
221 638 321 692 bellum
341 656 402 692 cum
420 643 504 706 gente
522 655 603 706 gero:
622 656 671 692 rex
690 643 784 692 nostra
801 637 912 705 reliquit

143 715 277 784 Hospitia,
296 719 325 769 et
343 715 427 768 Turni
446 715 537 783 potius
555 732 584 768 se
603 714 722 768 credidit
741 714 831 768 armis.

143 793 266 860 Aequius
285 792 347 844 hnic
364 792 484 844 Turnum
503 791 593 844 lucrat
611 807 641 846 sc
659 807 795 859 opponere
813 791 901 846 morti.
956 807 992 845 11⁵

142 869 170 921 Si
187 868 290 921 bellum
311 867 389 920 linire
408 884 497 933 manu,
520 867 542 920 si
560 867 663 936 pellere
684 867 801 920 Teucros

145 945 275 1013 apparat,
293 945 335 997 his
353 961 459 998 mecum
478 943 571 998 decuit
589 960 750 998 concurrere
769 943 846 1007 telis;

144 1020 234 1088 l'ixet,
252 1020 295 1074 cui
314 1021 398 1073 vitam
417 1019 551 1073 densant
570 1037 618 1073 sua
637 1019 736 1072 dextra
754 1019 882 1072 dodisset.

141 1096 166 1149 N
169 1113 220 1150 nnc
238 1097 278 1150 ite
295 1101 324 1150 et
343 1096 449 1149 irriseris
467 1097 613 1165 supponite
632 1096 735 1149 civibus
753 1096 850 1163 ignem.

142 1172 257 1226 Dixerat
276 1174 392 1226 Aeneas
430 1173 475 1225 llli
495 1172 652 1241 obstipuere
671 1172 787 1236 silentes
956 1188 991 1226 rae

141 1249 325 1316 Conversiquc
344 1248 435 1302 oculos
454 1249 527 1302 inter
546 1266 576 1302 se
595 1251 679 1316 atquc
701 1265 748 1301 ora
767 1248 905 1303 tenebant.

141 1325 209 1378 Tum
227 1326 323 1392 senior,
342 1342 504 1393 semperque
522 1324 592 1378 odiis
609 1329 638 1377 et
657 1325 769 1378 crimine
788 1325 909 1379 Drances

142 1401 267 1455 Inlensus
285 1402 375 1456 iuveni
394 1402 484 1454 'lurco
503 1401 541 1454 sic
559 1418 606 1454 ore
624 1401 741 1454 vicissim

141 1477 211 1531 Orsa
228 1479 325 1532 refert:
345 1477 368 1530 Ο
387 1477 459 1530 fama
476 1478 579 1545 ingens,
597 1477 734 1545 ingentior
751 1478 840 1545 aruris,

141 1551 192 1606 Vir
211 1554 332 1619 Troiano,
352 1553 451 1622 quibus
470 1553 543 1607 caelo
562 1558 591 1606 tc
610 1552 735 1606 laudibus
753 1555 884 1621 aequcml
955 1571 990 1609 rra

142 1629 302 1684 Iustitiaene
319 1631 396 1700 prius
415 1629 505 1696 mirer,
524 1629 625 1682 belline
644 1629 786 1682 laborum?

141 1706 197 1760 Nos
217 1723 281 1761 vero
300 1706 367 1760 haec
384 1706 501 1775 patriam
520 1706 592 1774 grati
610 1706 761 1758 referemus
779 1706 815 1759 ad
833 1705 936 1770 urbem,

141 1782 176 1835 llt
193 1787 230 1847 te,
249 1783 272 1835 si
291 1800 344 1850 qua
362 1783 433 1835 viam
454 1783 563 1836 dederit
581 1783 698 1849 fortuna,
719 1782 816 1835 Latino

141 1858 289 1926 lungemus
306 1859 371 1926 regi.
408 1859 527 1922 Quaerat
547 1859 599 1910 sibi
618 1858 729 1912 foedera
749 1858 861 1912 Tamus,

141 1935 211 1999 Quin
229 1939 258 1988 et
275 1935 366 1988 fatalis
384 1952 523 1988 mimorum
542 1935 669 1988 attollere
688 1935 778 2001 moles,
954 1950 989 1987 mo

140 2011 265 2079 Saxaque
285 2011 446 2065 subvectare
465 2011 585 2064 humeris
606 2011 721 2064 Troiana
739 2011 850 2066 iuvabit.

141 2086 255 2140 Dixerat
272 2087 347 2153 haec,
366 2104 474 2155 unoque
492 2104 587 2141 omncs
607 2087 702 2141 eadem
722 2105 769 2140 oro
787 2089 947 2141 fremebant.

140 2161 186 2215 Bis
205 2179 283 2216 senos
302 2164 432 2232 pepigere
451 2163 517 2228 dies,
537 2167 566 2216 et
585 2180 650 2232 pace
670 2167 812 2230 sequestra

140 2239 193 2292 Per
210 2239 291 2292 silvas
310 2239 406 2293 Teucri
425 2239 559 2308 mixtique
577 2240 677 2307 inpune
697 2239 788 2292 Latini

140 2314 270 2369 llrravere
289 2316 366 2383 iugis.
404 2315 489 2368 Ferro
509 2319 587 2368 sonat
605 2315 660 2368 icta
679 2313 790 2382 bipenni
955 2333 989 2370 1³5

139 2390 287 2456 Fraxinum
305 2396 433 2445 evertunt
451 2396 525 2445 actas
544 2391 579 2444 ad
598 2390 689 2444 sidera
708 2391 798 2459 pinos;

139 2466 248 2520 Robora
265 2485 315 2521 ncc
333 2469 425 2522 cuneis
443 2471 472 2522 et
491 2467 610 2522 olentem
630 2467 755 2521 scindere
771 2469 890 2537 cedrum,

137 2543 196 2597 Nec
214 2545 343 2610 plaustris
361 2549 468 2598 cessant
486 2549 595 2598 vectare
612 2544 786 2612 gementibus
805 2563 892 2598 ornos.

172 2619 208 2672 Et
227 2619 280 2672 iam
301 2620 385 2674 Fama
403 2621 503 2686 volans,
520 2621 591 2674 tanti
609 2621 773 2688 praenuntia
791 2622 887 2689 luctus,

138 2692 294 2746 Euandrum
315 2695 492 2764 Euandrique
511 2696 606 2749 domos
624 2702 653 2750 et
672 2697 778 2750 aroenia
796 2698 893 2766 replet,
955 2713 989 2749 rra

137 2768 212 2831 Quae
230 2770 311 2822 mode
330 2771 459 2824 victorem
478 2772 557 2826 Latio
579 2773 704 2826 Pallanta
723 2773 836 2829 ferebat.

137 2843 260 2897 Arcades
277 2846 312 2898 ad
333 2852 426 2913 port-rs
442 2865 530 2916 ruere,
550 2853 579 2902 ct
601 2849 636 2902 do
657 2867 731 2903 more
751 2854 860 2903 vetusto

138 2919 275 2974 Funereas
296 2939 410 2988 rapuere
429 2924 516 2988 faccs;
535 2925 608 2979 lucet
625 2926 669 2978 via
688 2927 769 2994 longo
817 2991 818 2996 Ἰ

137 2995 240 3049 Ordine
261 2997 438 3063 flammarum,
460 3003 489 3054 et
505 2999 561 3054 late
579 3001 749 3055 discriminat
768 3019 853 3070 agros.

136 3072 239 3127 Contra
257 3074 340 3127 turba
360 3075 497 3144 Phrygum
517 3078 629 3130 veniens
648 3079 806 3146 plangentia
827 3079 916 3146 iungit
952 3094 986 3132 με

136 3151 262 3218 Agmina.
301 3152 376 3216 Quae
396 3157 540 3222 postquam
561 3159 664 3208 matres
686 3155 832 3209 succedere
852 3155 934 3209 tectis

136 3226 280 3294 Viderunt,
300 3233 432 3284 maestam
450 3229 600 3283 incendunt
618 3229 781 3284 clamoribus
799 3231 902 3284 urbem.
