2278 3568
399 148 581 198 AENEIDOS
603 150 672 199 LlB.
697 149 749 198 ΙΙΙ.
957 155 1000 203 131

151 232 235 289 Haud
253 248 337 298 mora,
355 230 483 284 continno
501 230 630 299 perfectis
648 229 743 284 ordine
762 229 839 296 votis,

150 310 259 364 Cornua
277 308 427 362 velatarum
446 307 614 360 obvertimus
633 310 821 373 antennarum,

149 387 389 452 Graiugenumque
402 383 497 436 domos
509 387 689 452 suspectaque
702 383 847 452 linquimus
860 400 931 438 arva
966 398 1002 436 555

150 463 222 516 Hinc
240 461 314 514 sinus
336 459 471 526 Herculei,
491 460 514 512 si
532 475 597 512 vcra
616 464 658 512 555
676 460 754 523 fama,
774 461 885 513 Tarenti

150 539 291 601 Cernitur3
309 535 412 590 attollit
431 552 460 588 se
480 535 543 587 diva
563 535 672 588 Lacinia
690 539 791 601 contra,

150 615 331 681 Caulonisque
348 629 423 665 arces
443 615 472 664 et
491 611 661 680 navifragum
680 612 842 680 Scylaceum.

149 691 218 744 Tum
235 689 328 758 procul
347 707 363 742 e
381 688 466 741 fluctu
486 689 624 742 Trinacria
643 689 764 742 cernitur
783 691 880 755 Aetna,

150 767 185 822 115
202 767 334 835 gemitum
353 766 493 832 ingentem
514 763 604 832 pelagi
623 764 786 832 pulsataque
805 782 869 818 saxa
967 781 1002 820 555

152 843 286 897 Audimus
303 843 384 910 longe
402 841 559 908 fractasque
578 840 614 893 ad
632 840 713 894 litora
731 857 817 906 voces,

153 920 350 986 llxsultantque
369 916 445 983 vada,
464 919 548 984 atque
566 919 645 969 aestu
661 916 809 969 miscentur
826 933 931 970 arenae.

150 997 185 1050 llt
203 1000 282 1064 pater
303 993 449 1047 Anchises:
471 992 608 1045 Nimirum
627 992 695 1045 haec
712 991 759 1044 illa
777 991 941 1061 Charybdis:

151 1073 209 1126 llos
229 1071 351 1124 Helenus
369 1068 499 1136 scopulos,
518 1067 584 1120 haec
602 1084 668 1121 saxa
685 1068 821 1122 horrenda
838 1069 960 1126 canebat

152 1149 261 1217 Eripite,
280 1164 296 1200 5
314 1145 385 1212 socii,
403 1145 562 1214 pariterque
580 1145 712 1214 insurgite
730 1147 820 1200 remis.
966 1165 1002 1203 555

149 1224 234 1278 Haud
252 1223 340 1276 minus
358 1239 390 1276 ac
407 1222 473 1275 iussi
491 1221 602 1289 faciunt,
624 1223 783 1292 primusque
801 1225 946 1280 rudentem

150 1301 287 1356 Contorsit
304 1300 395 1353 laevas
413 1315 522 1368 proram
542 1299 685 1354 Palinurus
703 1301 739 1354 ad
757 1302 859 1367 undas;

149 1377 267 1432 Laevam
286 1380 384 1431 cuneta
402 1376 498 1430 cohors
517 1376 599 1430 remis
619 1377 762 1445 ventisque
780 1380 885 1448 petivit.

149 1454 278 1508 'l'ollimur
296 1454 324 1506 in
343 1453 447 1506 caelum
468 1456 579 1506 curvato
598 1455 714 1521 gurgite,
733 1458 762 1508 et
779 1456 852 1509 idem
871 1457 872 1460 ’

149 1531 289 1585 Subducta
307 1529 343 1582 ad
361 1529 449 1582 Manis
467 1529 536 1582 imos
554 1528 710 1582 desedimus
728 1531 808 1585 unda.
965 1548 1001 1586 555

150 1609 202 1661 'l'er
220 1601 322 1674 scopuli
341 1605 487 1658 clamorem
504 1604 577 1658 inter
595 1622 661 1659 cava
679 1623 745 1659 saxa
763 1607 879 1662 dedere:

150 1685 203 1737 Ter
221 1699 344 1751 spumam
363 1681 457 1734 elisam
476 1683 505 1734 55
523 1681 644 1734 rorantia
662 1682 779 1736 vidimus
796 1687 878 1738 astra

151 1761 262 1814 interea
279 1760 364 1812 155555
382 1761 480 1811 ventus
498 1772 560 1810 curn
578 1757 633 1810 sole
651 1758 770 1825 reliquit,

151 1837 298 1906 ignarique
316 1835 374 1888 viae
393 1833 538 1902 Cyclopum
555 1832 709 1886 adlabimur
727 1835 788 1888 oris.
845 1869 846 1872 =

185 1913 284 1966 Portus
297 1911 331 1964 ab
344 1927 453 1965 accessu
465 1913 607 1963 ventorum
621 1912 740 1964 inmotus
752 1916 781 1966 et
792 1913 888 1982 ingens
965 1931 1001 1969 570

151 1990 229 2058 Ipse;
248 1988 297 2042 sed
314 1987 446 2040 horrificis
465 1987 542 2039 iuxta
560 1990 637 2040 tonat
659 1990 750 2042 Aetna
768 1990 861 2058 ruinis,

151 2065 350 2132 interdumque
368 2067 456 2116 atram
474 2063 627 2130 prorumpit
645 2063 681 2116 ad
699 2065 811 2118 aethera
829 2065 937 2134 nubem,

150 2141 269 2194 Turbine
287 2140 437 2192 fumantem
455 2138 532 2205 piceo
550 2141 580 2190 55
597 2139 732 2192 candente
749 2141 847 2208 lenvilla,

151 2216 319 2284 Attollitque
336 2213 431 2282 globos
450 2213 666 2266 hainmarnmet
684 2214 776 2267 sidera
792 2215 903 2282 lambit;

151 2293 296 2347 Interdum
315 2291 439 2359 scopulos
457 2289 601 2356 avolsaque
619 2290 724 2344 viscera
741 2293 842 2346 montis
966 2310 1001 2348 575

151 2370 239 2438 Erigit
258 2371 391 2434 eructans,
410 2366 612 2436 liquefactaque
631 2383 697 2420 saxa
715 2367 765 2420 sub
782 2384 863 2423 auras

151 2447 219 2502 Cum
238 2445 343 2515 gemitu
361 2445 501 2512 glomerat,
522 2442 662 2514 fundoque
681 2449 824 2499 exaestuat
842 2447 903 2500 imo.

152 2525 236 2577 Fama
254 2526 298 2576 555
317 2521 446 2575 Enceladi
466 2521 626 2574 semiustum
645 2521 759 2576 fulmine
776 2539 874 2591 eorpus

152 2600 270 2668 Urgueri
289 2600 359 2653 mole
377 2599 435 2667 hac,
453 2599 646 2666 ingentemque
664 2599 775 2668 insuper
794 2603 915 2654 Aetnam

152 2677 302 2744 Inpositam
321 2676 408 2744 ruptis
428 2677 564 2729 flammam
584 2676 724 2745 exspirare
743 2677 867 2742 caminis;
966 2692 1002 2730 555

153 2752 189 2806 Iit
206 2752 308 2805 fessum
327 2754 452 2821 quotiens
470 2747 560 2806 mutet
578 2753 657 2819 latus,
676 2753 824 2807 intremere
841 2770 949 2807 omnem

153 2828 294 2881 Murmure
312 2828 484 2896 Trinacriam,
503 2833 532 2882 et
550 2829 655 2882 caelum
674 2829 820 2883 subtexere
838 2829 919 2883 fumo.

154 2904 269 2957 Noctem
286 2903 360 2956 illam
378 2906 445 2958 tecti
464 2905 538 2958 silvis
555 2905 673 2958 inmania
691 2909 813 2960 monstra

153 2981 325 3046 Perferimus‚
343 2997 400 3046 nee,
420 2997 490 3048 quae
509 2983 627 3034 sonitum
646 2981 695 3035 det
713 2998 814 3049 caussa,
832 2981 962 3035 videmus.

152 3057 178 3111 N
179 3074 224 3112 am
236 3074 325 3126 neque
337 3061 415 3110 erant
427 3062 562 3111 astrorum
574 3059 658 3126 ignes,
666 3075 717 3112 nec
728 3057 834 3112 lucidus
846 3057 943 3112 aethra
966 3072 1002 3112 555

152 3134 265 3189 Siderea
283 3135 369 3204 polus,
388 3134 502 3187 obscuro
521 3134 571 3187 sed
588 3135 682 3187 nubila
700 3133 782 3202 caele,

153 3211 188 3264 115
206 3211 310 3264 hunam
329 3211 356 3264 in
374 3210 467 3264 nimbo
484 3227 536 3264 nox
555 3210 720 3278 intempesta
738 3209 857 3264 tenebat.
