<?xml version="1.0" encoding="UTF-8"?>
<!DOCTYPE html PUBLIC "-//W3C//DTD XHTML 1.0 Transitional//EN"
    "http://www.w3.org/TR/xhtml1/DTD/xhtml1-transitional.dtd">
<html xmlns="http://www.w3.org/1999/xhtml" xml:lang="en" lang="en">
 <head>
  <title>
</title>
<meta http-equiv="Content-Type" content="text/html;charset=utf-8" />
  <meta name='ocr-system' content='tesseract 3.04.00' />
  <meta name='ocr-capabilities' content='ocr_page ocr_carea ocr_par ocr_line ocrx_word'/>
</head>
<body>
  <div class='ocr_page' id='page_1' title='image "./operaexrecensio01virggoog_0299.png"; bbox 0 0 2268 3570; ppageno 0'>
   <div class='ocr_carea' id='block_1_1' title="bbox 351 456 730 508">
    <p class='ocr_par' dir='ltr' id='par_1_1' title="bbox 351 456 730 508">
     <span class='ocr_line' id='line_1_1' title="bbox 351 456 730 508; baseline -0.011 0"><span class='ocrx_word' id='word_1_1' title='bbox 351 460 379 508; x_wconf 89' lang='lat' dir='ltr'>P.</span> <span class='ocrx_word' id='word_1_2' title='bbox 398 459 549 506; x_wconf 82' lang='lat' dir='ltr'><strong>VERGILI</strong></span> <span class='ocrx_word' id='word_1_3' title='bbox 567 456 730 504; x_wconf 83' lang='lat' dir='ltr'>MARONIS</span> 
     </span>
    </p>
   </div>
   <div class='ocr_carea' id='block_1_2' title="bbox 310 631 771 709">
    <p class='ocr_par' dir='ltr' id='par_1_2' title="bbox 310 631 771 709">
     <span class='ocr_line' id='line_1_2' title="bbox 310 631 771 709; baseline -0.011 0"><span class='ocrx_word' id='word_1_4' title='bbox 310 631 771 709; x_wconf 81' lang='lat' dir='ltr'><strong>AENEIDOS</strong></span> 
     </span>
    </p>
   </div>
   <div class='ocr_carea' id='block_1_3' title="bbox 359 834 728 891">
    <p class='ocr_par' dir='ltr' id='par_1_3' title="bbox 359 834 728 891">
     <span class='ocr_line' id='line_1_3' title="bbox 359 834 728 891; baseline -0.014 0"><span class='ocrx_word' id='word_1_5' title='bbox 359 839 475 891; x_wconf 79' lang='lat' dir='ltr'>LIBER</span> <span class='ocrx_word' id='word_1_6' title='bbox 494 834 728 889; x_wconf 81' lang='lat' dir='ltr'><strong>UNDECIMUS.</strong></span> 
     </span>
    </p>
   </div>
   <div class='ocr_carea' id='block_1_4' title="bbox 491 1001 589 1026">
    <p class='ocr_par' dir='ltr' id='par_1_4' title="bbox 491 1001 589 1026">
     <span class='ocr_line' id='line_1_4' title="bbox 491 1001 589 1026; baseline -0.01 -8"><span class='ocrx_word' id='word_1_7' title='bbox 491 1001 589 1026; x_wconf 47' lang='grc' dir='ltr'>,μμ--</span> 
     </span>
    </p>
   </div>
   <div class='ocr_carea' id='block_1_5' title="bbox 116 1119 1124 3235">
    <p class='ocr_par' dir='ltr' id='par_1_5' title="bbox 116 1119 784 1187">
     <span class='ocr_line' id='line_1_5' title="bbox 116 1119 784 1187; baseline -0.001 -13"><span class='ocrx_word' id='word_1_8' title='bbox 116 1120 257 1174; x_wconf 76' lang='lat' dir='ltr'>Oennneu</span> <span class='ocrx_word' id='word_1_9' title='bbox 275 1122 381 1173; x_wconf 89' lang='lat' dir='ltr'>interea</span> <span class='ocrx_word' id='word_1_10' title='bbox 400 1137 512 1187; x_wconf 83' lang='lat' dir='ltr'>surgens</span> <span class='ocrx_word' id='word_1_11' title='bbox 533 1122 642 1172; x_wconf 86' lang='lat' dir='ltr'>Aurora</span> <span class='ocrx_word' id='word_1_12' title='bbox 660 1119 784 1186; x_wconf 90' lang='lat' dir='ltr'>reliquit:</span> 
     </span>
    </p>

    <p class='ocr_par' dir='ltr' id='par_1_6' title="bbox 117 1193 931 1338">
     <span class='ocr_line' id='line_1_6' title="bbox 117 1193 931 1262; baseline -0.002 -14"><span class='ocrx_word' id='word_1_13' title='bbox 117 1199 231 1260; x_wconf 83' lang='lat' dir='ltr'>Aeneas,</span> <span class='ocrx_word' id='word_1_14' title='bbox 250 1211 413 1262; x_wconf 85' lang='lat' dir='ltr'>quamquem</span> <span class='ocrx_word' id='word_1_15' title='bbox 433 1200 461 1248; x_wconf 90' lang='lat' dir='ltr'>et</span> <span class='ocrx_word' id='word_1_16' title='bbox 480 1196 558 1248; x_wconf 86' lang='lat' dir='ltr'>sociis</span> <span class='ocrx_word' id='word_1_17' title='bbox 577 1195 642 1248; x_wconf 88' lang='lat' dir='ltr'>dare</span> <span class='ocrx_word' id='word_1_18' title='bbox 661 1199 768 1262; x_wconf 86' lang='lat' dir='ltr'>tempus</span> <span class='ocrx_word' id='word_1_19' title='bbox 786 1193 931 1247; x_wconf 76' lang='lat' dir='ltr'><strong>humandis</strong></span> 
     </span>
     <span class='ocr_line' id='line_1_7' title="bbox 118 1269 873 1338; baseline -0.001 -15"><span class='ocrx_word' id='word_1_20' title='bbox 118 1271 302 1338; x_wconf 80' lang='lat' dir='ltr'>Praecipitant</span> <span class='ocrx_word' id='word_1_21' title='bbox 321 1287 409 1337; x_wconf 86' lang='lat' dir='ltr'>curae,</span> <span class='ocrx_word' id='word_1_22' title='bbox 430 1271 595 1338; x_wconf 85' lang='lat' dir='ltr'>turbataque</span> <span class='ocrx_word' id='word_1_23' title='bbox 614 1269 710 1322; x_wconf 85' lang='lat' dir='ltr'>sunere</span> <span class='ocrx_word' id='word_1_24' title='bbox 728 1287 805 1323; x_wconf 84' lang='lat' dir='ltr'>mens</span> <span class='ocrx_word' id='word_1_25' title='bbox 823 1273 873 1334; x_wconf 79' lang='lat' dir='ltr'>est,</span> 
     </span>
    </p>

    <p class='ocr_par' dir='ltr' id='par_1_7' title="bbox 116 1343 724 1414">
     <span class='ocr_line' id='line_1_8' title="bbox 116 1343 724 1414; baseline 0.002 -16"><span class='ocrx_word' id='word_1_26' title='bbox 116 1347 189 1398; x_wconf 88' lang='lat' dir='ltr'>Vota</span> <span class='ocrx_word' id='word_1_27' title='bbox 207 1345 289 1398; x_wconf 90' lang='lat' dir='ltr'>deum</span> <span class='ocrx_word' id='word_1_28' title='bbox 308 1347 396 1414; x_wconf 67' lang='lat' dir='ltr'>perimo</span> <span class='ocrx_word' id='word_1_29' title='bbox 417 1347 503 1399; x_wconf 85' lang='lat' dir='ltr'>vietor</span> <span class='ocrx_word' id='word_1_30' title='bbox 520 1346 642 1399; x_wconf 75' lang='lat' dir='ltr'>solvebat</span> <span class='ocrx_word' id='word_1_31' title='bbox 661 1343 724 1399; x_wconf 86' lang='lat' dir='ltr'>Eue.</span> 
     </span>
    </p>

    <p class='ocr_par' dir='ltr' id='par_1_8' title="bbox 117 1422 968 1568">
     <span class='ocr_line' id='line_1_9' title="bbox 118 1422 968 1490; baseline -0.002 -14"><span class='ocrx_word' id='word_1_32' title='bbox 118 1423 261 1490; x_wconf 87' lang='lat' dir='ltr'>lugentem</span> <span class='ocrx_word' id='word_1_33' title='bbox 282 1437 412 1488; x_wconf 88' lang='lat' dir='ltr'>quereum</span> <span class='ocrx_word' id='word_1_34' title='bbox 431 1422 528 1474; x_wconf 83' lang='lat' dir='ltr'>decisis</span> <span class='ocrx_word' id='word_1_35' title='bbox 547 1422 668 1490; x_wconf 88' lang='lat' dir='ltr'>undique</span> <span class='ocrx_word' id='word_1_36' title='bbox 688 1424 770 1475; x_wconf 81' lang='lat' dir='ltr'>ramis</span> <span class='ocrx_word' id='word_1_37' title='bbox 956 1439 968 1474; x_wconf 84' lang='lat' dir='ltr'>s</span> 
     </span>
     <span class='ocr_line' id='line_1_10' title="bbox 117 1498 810 1568; baseline 0.003 -16"><span class='ocrx_word' id='word_1_38' title='bbox 117 1499 266 1554; x_wconf 77' lang='lat' dir='ltr'>Constituit</span> <span class='ocrx_word' id='word_1_39' title='bbox 285 1498 396 1566; x_wconf 79' lang='lat' dir='ltr'>tumulO,</span> <span class='ocrx_word' id='word_1_40' title='bbox 415 1499 601 1568; x_wconf 82' lang='lat' dir='ltr'>fulgentiaque</span> <span class='ocrx_word' id='word_1_41' title='bbox 620 1499 710 1553; x_wconf 88' lang='lat' dir='ltr'>induit</span> <span class='ocrx_word' id='word_1_42' title='bbox 728 1517 810 1567; x_wconf 80' lang='lat' dir='ltr'>amna,</span> 
     </span>
    </p>

    <p class='ocr_par' dir='ltr' id='par_1_9' title="bbox 117 1575 837 1724">
     <span class='ocr_line' id='line_1_11' title="bbox 117 1575 837 1645; baseline 0.001 -16"><span class='ocrx_word' id='word_1_43' title='bbox 117 1576 235 1629; x_wconf 85' lang='lat' dir='ltr'>Mezenti</span> <span class='ocrx_word' id='word_1_44' title='bbox 254 1575 331 1628; x_wconf 79' lang='lat' dir='ltr'>&lt;lueis</span> <span class='ocrx_word' id='word_1_45' title='bbox 350 1577 469 1642; x_wconf 87' lang='lat' dir='ltr'>exuvias,</span> <span class='ocrx_word' id='word_1_46' title='bbox 487 1577 546 1645; x_wconf 88' lang='lat' dir='ltr'>tibi,</span> <span class='ocrx_word' id='word_1_47' title='bbox 564 1595 670 1645; x_wconf 81' lang='lat' dir='ltr'>magne,</span> <span class='ocrx_word' id='word_1_48' title='bbox 689 1581 837 1645; x_wconf 88' lang='lat' dir='ltr'>tropaeum,</span> 
     </span>
     <span class='ocr_line' id='line_1_12' title="bbox 117 1653 810 1724; baseline 0.001 -19"><span class='ocrx_word' id='word_1_49' title='bbox 117 1653 298 1721; x_wconf 84' lang='lat' dir='ltr'>Bellipotens;</span> <span class='ocrx_word' id='word_1_50' title='bbox 325 1656 405 1724; x_wconf 87' lang='lat' dir='ltr'>aptat</span> <span class='ocrx_word' id='word_1_51' title='bbox 431 1653 697 1720; x_wconf 76' lang='lat' dir='ltr'>rorantis&#39;sanguine</span> <span class='ocrx_word' id='word_1_52' title='bbox 715 1653 810 1706; x_wconf 86' lang='lat' dir='ltr'>cristas</span> 
     </span>
    </p>

    <p class='ocr_par' dir='ltr' id='par_1_10' title="bbox 116 1728 966 1950">
     <span class='ocr_line' id='line_1_13' title="bbox 116 1728 855 1801; baseline 0.001 -20"><span class='ocrx_word' id='word_1_53' title='bbox 116 1728 234 1797; x_wconf 81' lang='lat' dir='ltr'>Telaque</span> <span class='ocrx_word' id='word_1_54' title='bbox 252 1733 349 1801; x_wconf 81' lang='lat' dir='ltr'>trunca</span> <span class='ocrx_word' id='word_1_55' title='bbox 368 1730 416 1782; x_wconf 83' lang='lat' dir='ltr'>viri</span> <span class='ocrx_word' id='word_1_56' title='bbox 436 1734 465 1782; x_wconf 88' lang='lat' dir='ltr'>et</span> <span class='ocrx_word' id='word_1_57' title='bbox 483 1730 524 1783; x_wconf 89' lang='lat' dir='ltr'>bis</span> <span class='ocrx_word' id='word_1_58' title='bbox 543 1748 591 1784; x_wconf 82' lang='lat' dir='ltr'>sex</span> <span class='ocrx_word' id='word_1_59' title='bbox 609 1730 721 1782; x_wconf 86' lang='lat' dir='ltr'>thoraca</span> <span class='ocrx_word' id='word_1_60' title='bbox 739 1730 855 1797; x_wconf 87' lang='lat' dir='ltr'>petitum</span> 
     </span>
     <span class='ocr_line' id='line_1_14' title="bbox 117 1805 966 1875; baseline 0.002 -19"><span class='ocrx_word' id='word_1_61' title='bbox 117 1805 325 1874; x_wconf 87' lang='lat' dir='ltr'>Perfossumque</span> <span class='ocrx_word' id='word_1_62' title='bbox 344 1806 417 1874; x_wconf 90' lang='lat' dir='ltr'>loeis,</span> <span class='ocrx_word' id='word_1_63' title='bbox 437 1807 609 1875; x_wconf 85' lang='lat' dir='ltr'>clipeumque</span> <span class='ocrx_word' id='word_1_64' title='bbox 629 1825 662 1859; x_wconf 83' lang='lat' dir='ltr'>ex</span> <span class='ocrx_word' id='word_1_65' title='bbox 680 1824 743 1858; x_wconf 89' lang='lat' dir='ltr'>aere</span> <span class='ocrx_word' id='word_1_66' title='bbox 762 1805 887 1858; x_wconf 79' lang='lat' dir='ltr'>sinistrae</span> <span class='ocrx_word' id='word_1_67' title='bbox 945 1823 966 1858; x_wconf 80' lang='grc' dir='ltr'>ιο</span> 
     </span>
     <span class='ocr_line' id='line_1_15' title="bbox 117 1881 870 1950; baseline 0 -16"><span class='ocrx_word' id='word_1_68' title='bbox 117 1881 247 1948; x_wconf 83' lang='lat' dir='ltr'>Subligat,</span> <span class='ocrx_word' id='word_1_69' title='bbox 268 1886 352 1950; x_wconf 86' lang='lat' dir='ltr'>atque</span> <span class='ocrx_word' id='word_1_70' title='bbox 370 1901 464 1936; x_wconf 84' lang='lat' dir='ltr'>ensem</span> <span class='ocrx_word' id='word_1_71' title='bbox 482 1883 550 1936; x_wconf 91' lang='lat' dir='ltr'>collo</span> <span class='ocrx_word' id='word_1_72' title='bbox 569 1882 712 1950; x_wconf 89' lang='lat' dir='ltr'>suspendit</span> <span class='ocrx_word' id='word_1_73' title='bbox 731 1882 870 1934; x_wconf 78' lang='lat' dir='ltr'>eburnam.</span> 
     </span>
    </p>

    <p class='ocr_par' dir='ltr' id='par_1_11' title="bbox 116 1957 868 2102">
     <span class='ocr_line' id='line_1_16' title="bbox 116 1957 868 2027; baseline 0 -19"><span class='ocrx_word' id='word_1_74' title='bbox 116 1957 184 2010; x_wconf 82' lang='lat' dir='ltr'>&#39;lum</span> <span class='ocrx_word' id='word_1_75' title='bbox 204 1959 295 2026; x_wconf 83' lang='lat' dir='ltr'>socies,</span> <span class='ocrx_word' id='word_1_76' title='bbox 314 1975 432 2027; x_wconf 89' lang='lat' dir='ltr'>namque</span> <span class='ocrx_word' id='word_1_77' title='bbox 450 1958 538 2010; x_wconf 90' lang='lat' dir='ltr'>omnis</span> <span class='ocrx_word' id='word_1_78' title='bbox 557 1975 618 2010; x_wconf 90' lang='lat' dir='ltr'>eum</span> <span class='ocrx_word' id='word_1_79' title='bbox 637 1959 739 2024; x_wconf 85' lang='lat' dir='ltr'>stipata</span> <span class='ocrx_word' id='word_1_80' title='bbox 756 1957 868 2023; x_wconf 76' lang='lat' dir='ltr'>tegebat</span> 
     </span>
     <span class='ocr_line' id='line_1_17' title="bbox 116 2033 819 2102; baseline 0.003 -16"><span class='ocrx_word' id='word_1_81' title='bbox 116 2034 207 2087; x_wconf 81' lang='lat' dir='ltr'>Turba</span> <span class='ocrx_word' id='word_1_82' title='bbox 227 2035 332 2101; x_wconf 90' lang='lat' dir='ltr'>dueum,</span> <span class='ocrx_word' id='word_1_83' title='bbox 352 2035 540 2102; x_wconf 84' lang='lat' dir='ltr'>sicincipiens</span> <span class='ocrx_word' id='word_1_84' title='bbox 559 2036 685 2086; x_wconf 84' lang='lat' dir='ltr'>hortatur</span> <span class='ocrx_word' id='word_1_85' title='bbox 703 2033 819 2088; x_wconf 88' lang='lat' dir='ltr'>ovantis:</span> 
     </span>
    </p>

    <p class='ocr_par' dir='ltr' id='par_1_12' title="bbox 117 2110 841 2178">
     <span class='ocr_line' id='line_1_18' title="bbox 117 2110 841 2178; baseline 0.001 -16"><span class='ocrx_word' id='word_1_86' title='bbox 117 2110 245 2166; x_wconf 79' lang='lat' dir='ltr'>Maxuma</span> <span class='ocrx_word' id='word_1_87' title='bbox 264 2129 307 2164; x_wconf 88' lang='lat' dir='ltr'>res</span> <span class='ocrx_word' id='word_1_88' title='bbox 325 2111 430 2178; x_wconf 84' lang='lat' dir='ltr'>effecta,</span> <span class='ocrx_word' id='word_1_89' title='bbox 449 2110 517 2175; x_wconf 79' lang='lat' dir='ltr'>viri3</span> <span class='ocrx_word' id='word_1_90' title='bbox 535 2110 618 2162; x_wconf 79' lang='lat' dir='ltr'>tinier</span> <span class='ocrx_word' id='word_1_91' title='bbox 635 2110 722 2162; x_wconf 77' lang='lat' dir='ltr'>erinnis</span> <span class='ocrx_word' id='word_1_92' title='bbox 740 2110 841 2176; x_wconf 86' lang='lat' dir='ltr'>abest0‚</span> 
     </span>
    </p>

    <p class='ocr_par' dir='ltr' id='par_1_13' title="bbox 116 2187 966 2332">
     <span class='ocr_line' id='line_1_19' title="bbox 116 2187 966 2256; baseline 0 -17"><span class='ocrx_word' id='word_1_93' title='bbox 116 2187 196 2252; x_wconf 81' lang='lat' dir='ltr'>Quod</span> <span class='ocrx_word' id='word_1_94' title='bbox 208 2193 348 2256; x_wconf 80' lang='lat' dir='ltr'>superest3</span> <span class='ocrx_word' id='word_1_95' title='bbox 367 2188 434 2240; x_wconf 89' lang='lat' dir='ltr'>haec</span> <span class='ocrx_word' id='word_1_96' title='bbox 446 2191 511 2240; x_wconf 89' lang='lat' dir='ltr'>sunt</span> <span class='ocrx_word' id='word_1_97' title='bbox 524 2187 609 2255; x_wconf 88' lang='lat' dir='ltr'>spolia</span> <span class='ocrx_word' id='word_1_98' title='bbox 622 2192 650 2240; x_wconf 92' lang='lat' dir='ltr'>et</span> <span class='ocrx_word' id='word_1_99' title='bbox 663 2187 697 2240; x_wconf 90' lang='lat' dir='ltr'>de</span> <span class='ocrx_word' id='word_1_100' title='bbox 709 2205 774 2256; x_wconf 84' lang='lat' dir='ltr'>rege</span> <span class='ocrx_word' id='word_1_101' title='bbox 785 2187 903 2256; x_wconf 87' lang='lat' dir='ltr'>superbe</span> <span class='ocrx_word' id='word_1_102' title='bbox 944 2203 966 2239; x_wconf 80' lang='lat' dir='ltr'>is</span> 
     </span>
     <span class='ocr_line' id='line_1_20' title="bbox 119 2263 850 2332; baseline 0.001 -17"><span class='ocrx_word' id='word_1_103' title='bbox 119 2263 264 2329; x_wconf 83' lang='lat' dir='ltr'>Primitiae,</span> <span class='ocrx_word' id='word_1_104' title='bbox 284 2264 464 2332; x_wconf 89' lang='lat' dir='ltr'>manibusque</span> <span class='ocrx_word' id='word_1_105' title='bbox 483 2263 551 2315; x_wconf 89' lang='lat' dir='ltr'>meis</span> <span class='ocrx_word' id='word_1_106' title='bbox 571 2263 722 2318; x_wconf 87' lang='lat' dir='ltr'>Mezentius</span> <span class='ocrx_word' id='word_1_107' title='bbox 741 2264 784 2317; x_wconf 90' lang='lat' dir='ltr'>hie</span> <span class='ocrx_word' id='word_1_108' title='bbox 801 2268 850 2317; x_wconf 88' lang='lat' dir='ltr'>esi.</span> 
     </span>
    </p>

    <p class='ocr_par' dir='ltr' id='par_1_14' title="bbox 118 2338 833 2408">
     <span class='ocr_line' id='line_1_21' title="bbox 118 2338 833 2408; baseline 0.003 -16"><span class='ocrx_word' id='word_1_109' title='bbox 118 2339 142 2392; x_wconf 84' lang='lat' dir='ltr'>N</span> <span class='ocrx_word' id='word_1_110' title='bbox 144 2357 195 2392; x_wconf 83' lang='lat' dir='ltr'>rme</span> <span class='ocrx_word' id='word_1_111' title='bbox 214 2340 269 2392; x_wconf 88' lang='lat' dir='ltr'>iter</span> <span class='ocrx_word' id='word_1_112' title='bbox 287 2341 322 2392; x_wconf 83' lang='lat' dir='ltr'>ad</span> <span class='ocrx_word' id='word_1_113' title='bbox 341 2358 434 2408; x_wconf 85' lang='lat' dir='ltr'>regem</span> <span class='ocrx_word' id='word_1_114' title='bbox 452 2338 530 2392; x_wconf 89' lang='lat' dir='ltr'>nobis</span> <span class='ocrx_word' id='word_1_115' title='bbox 549 2357 696 2408; x_wconf 74' lang='lat' dir='ltr'>nantesque</span> <span class='ocrx_word' id='word_1_116' title='bbox 716 2341 833 2394; x_wconf 87' lang='lat' dir='ltr'>Latinos.</span> 
     </span>
    </p>

    <p class='ocr_par' dir='ltr' id='par_1_15' title="bbox 117 2416 967 2715">
     <span class='ocr_line' id='line_1_22' title="bbox 118 2416 914 2485; baseline 0.001 -17"><span class='ocrx_word' id='word_1_117' title='bbox 118 2418 203 2470; x_wconf 86' lang='lat' dir='ltr'>Arma</span> <span class='ocrx_word' id='word_1_118' title='bbox 221 2421 316 2485; x_wconf 88' lang='lat' dir='ltr'>parate</span> <span class='ocrx_word' id='word_1_119' title='bbox 334 2416 438 2483; x_wconf 86' lang='lat' dir='ltr'>animis,</span> <span class='ocrx_word' id='word_1_120' title='bbox 458 2421 486 2470; x_wconf 91' lang='lat' dir='ltr'>et</span> <span class='ocrx_word' id='word_1_121' title='bbox 504 2435 553 2485; x_wconf 87' lang='lat' dir='ltr'>spo</span> <span class='ocrx_word' id='word_1_122' title='bbox 571 2417 737 2485; x_wconf 87' lang='lat' dir='ltr'>praesumite</span> <span class='ocrx_word' id='word_1_123' title='bbox 756 2417 864 2482; x_wconf 83' lang='lat' dir='ltr'>bellum,</span> <span class='ocrx_word' id='word_1_124' title='bbox 913 2431 914 2435; x_wconf 73' lang='grc'>’</span> 
     </span>
     <span class='ocr_line' id='line_1_23' title="bbox 117 2492 878 2564; baseline -0.003 -17"><span class='ocrx_word' id='word_1_125' title='bbox 117 2494 159 2547; x_wconf 88' lang='lat' dir='ltr'>Ne</span> <span class='ocrx_word' id='word_1_126' title='bbox 179 2511 233 2564; x_wconf 92' lang='lat' dir='ltr'>qua</span> <span class='ocrx_word' id='word_1_127' title='bbox 251 2511 326 2546; x_wconf 84' lang='lat' dir='ltr'>mera</span> <span class='ocrx_word' id='word_1_128' title='bbox 345 2495 460 2561; x_wconf 82' lang='lat' dir='ltr'>ignarus,</span> <span class='ocrx_word' id='word_1_129' title='bbox 480 2492 527 2546; x_wconf 92' lang='lat' dir='ltr'>ubi</span> <span class='ocrx_word' id='word_1_130' title='bbox 545 2493 663 2562; x_wconf 88' lang='lat' dir='ltr'>primum</span> <span class='ocrx_word' id='word_1_131' title='bbox 682 2493 782 2546; x_wconf 88' lang='lat' dir='ltr'>vellere</span> <span class='ocrx_word' id='word_1_132' title='bbox 800 2493 878 2560; x_wconf 86' lang='lat' dir='ltr'>signa</span> 
     </span>
     <span class='ocr_line' id='line_1_24' title="bbox 118 2569 967 2638; baseline -0.001 -15"><span class='ocrx_word' id='word_1_133' title='bbox 118 2571 274 2624; x_wconf 83' lang='lat' dir='ltr'>Adnuerint</span> <span class='ocrx_word' id='word_1_134' title='bbox 293 2571 385 2638; x_wconf 83' lang='lat' dir='ltr'>superi</span> <span class='ocrx_word' id='word_1_135' title='bbox 403 2569 559 2638; x_wconf 85' lang='lat' dir='ltr'>pubemque</span> <span class='ocrx_word' id='word_1_136' title='bbox 578 2569 694 2623; x_wconf 83' lang='lat' dir='ltr'>educere</span> <span class='ocrx_word' id='word_1_137' title='bbox 711 2569 816 2633; x_wconf 86' lang='lat' dir='ltr'>eastris,</span> <span class='ocrx_word' id='word_1_138' title='bbox 943 2586 967 2622; x_wconf 80' lang='lat' dir='ltr'>m</span> 
     </span>
     <span class='ocr_line' id='line_1_25' title="bbox 118 2644 759 2715; baseline -0.005 -15"><span class='ocrx_word' id='word_1_139' title='bbox 118 2647 252 2715; x_wconf 78' lang='lat' dir='ltr'>inpediat,</span> <span class='ocrx_word' id='word_1_140' title='bbox 273 2647 396 2713; x_wconf 78' lang='lat' dir='ltr'>segnisve</span> <span class='ocrx_word' id='word_1_141' title='bbox 414 2650 491 2700; x_wconf 90' lang='lat' dir='ltr'>metu</span> <span class='ocrx_word' id='word_1_142' title='bbox 509 2645 644 2699; x_wconf 89' lang='lat' dir='ltr'>sententia</span> <span class='ocrx_word' id='word_1_143' title='bbox 660 2644 759 2698; x_wconf 88' lang='lat' dir='ltr'>tardet.</span> 
     </span>
    </p>

    <p class='ocr_par' dir='ltr' id='par_1_16' title="bbox 117 2721 1124 2942">
     <span class='ocr_line' id='line_1_26' title="bbox 118 2721 784 2788; baseline -0.002 -14"><span class='ocrx_word' id='word_1_144' title='bbox 118 2723 227 2774; x_wconf 87' lang='lat' dir='ltr'>Interea</span> <span class='ocrx_word' id='word_1_145' title='bbox 245 2723 330 2774; x_wconf 83' lang='lat' dir='ltr'>socies</span> <span class='ocrx_word' id='word_1_146' title='bbox 350 2721 545 2788; x_wconf 88' lang='lat' dir='ltr'>inhumataque</span> <span class='ocrx_word' id='word_1_147' title='bbox 562 2737 675 2788; x_wconf 88' lang='lat' dir='ltr'>corpora</span> <span class='ocrx_word' id='word_1_148' title='bbox 693 2724 784 2774; x_wconf 83' lang='lat' dir='ltr'>terrae</span> 
     </span>
     <span class='ocr_line' id='line_1_27' title="bbox 117 2795 1124 2870; baseline 0 -20"><span class='ocrx_word' id='word_1_149' title='bbox 117 2798 286 2864; x_wconf 83' lang='lat' dir='ltr'>Mandemus,</span> <span class='ocrx_word' id='word_1_150' title='bbox 306 2799 353 2866; x_wconf 92' lang='lat' dir='ltr'>qui</span> <span class='ocrx_word' id='word_1_151' title='bbox 373 2799 445 2852; x_wconf 88' lang='lat' dir='ltr'>selus</span> <span class='ocrx_word' id='word_1_152' title='bbox 463 2799 547 2850; x_wconf 88' lang='lat' dir='ltr'>henes</span> <span class='ocrx_word' id='word_1_153' title='bbox 567 2795 723 2850; x_wconf 80' lang='lat' dir='ltr'>Acheronte</span> <span class='ocrx_word' id='word_1_154' title='bbox 740 2797 792 2850; x_wconf 90' lang='lat' dir='ltr'>sub</span> <span class='ocrx_word' id='word_1_155' title='bbox 810 2799 865 2852; x_wconf 89' lang='lat' dir='ltr'>imo</span> <span class='ocrx_word' id='word_1_156' title='bbox 884 2802 933 2852; x_wconf 84' lang='lat' dir='ltr'>est.</span> <span class='ocrx_word' id='word_1_157' title='bbox 1123 2859 1124 2870; x_wconf 13' lang='grc' dir='ltr'>γ</span> 
     </span>
     <span class='ocr_line' id='line_1_28' title="bbox 119 2873 842 2942; baseline -0.003 -16"><span class='ocrx_word' id='word_1_158' title='bbox 119 2874 169 2940; x_wconf 86' lang='lat' dir='ltr'>lte,</span> <span class='ocrx_word' id='word_1_159' title='bbox 189 2875 233 2938; x_wconf 89' lang='lat' dir='ltr'>ait,</span> <span class='ocrx_word' id='word_1_160' title='bbox 252 2875 376 2942; x_wconf 82' lang='lat' dir='ltr'>egregias</span> <span class='ocrx_word' id='word_1_161' title='bbox 395 2875 506 2941; x_wconf 86' lang='lat' dir='ltr'>aninms,</span> <span class='ocrx_word' id='word_1_162' title='bbox 526 2890 597 2941; x_wconf 89' lang='lat' dir='ltr'>quae</span> <span class='ocrx_word' id='word_1_163' title='bbox 616 2873 747 2941; x_wconf 86' lang='lat' dir='ltr'>sauguine</span> <span class='ocrx_word' id='word_1_164' title='bbox 765 2874 842 2928; x_wconf 91' lang='lat' dir='ltr'>nobis</span> 
     </span>
    </p>

    <p class='ocr_par' dir='ltr' id='par_1_17' title="bbox 118 2879 1124 3235">
     <span class='ocr_line' id='line_1_29' title="bbox 119 2949 969 3020; baseline -0.001 -18"><span class='ocrx_word' id='word_1_165' title='bbox 119 2949 197 3002; x_wconf 90' lang='lat' dir='ltr'>Hanc</span> <span class='ocrx_word' id='word_1_166' title='bbox 214 2952 331 3018; x_wconf 83' lang='lat' dir='ltr'>patriam</span> <span class='ocrx_word' id='word_1_167' title='bbox 350 2969 483 3020; x_wconf 85' lang='lat' dir='ltr'>peperere</span> <span class='ocrx_word' id='word_1_168' title='bbox 502 2966 558 3017; x_wconf 87' lang='lat' dir='ltr'>sue,</span> <span class='ocrx_word' id='word_1_169' title='bbox 578 2949 706 3004; x_wconf 84' lang='lat' dir='ltr'>decorate</span> <span class='ocrx_word' id='word_1_170' title='bbox 725 2950 858 3016; x_wconf 86' lang='lat' dir='ltr'>supremis</span> <span class='ocrx_word' id='word_1_171' title='bbox 944 2961 969 3001; x_wconf 76' lang='lat' dir='ltr'>as</span> 
     </span>
     <span class='ocr_line' id='line_1_30' title="bbox 119 3023 924 3096; baseline -0.001 -17"><span class='ocrx_word' id='word_1_172' title='bbox 119 3024 284 3089; x_wconf 80' lang='lat' dir='ltr'>Muneribus,</span> <span class='ocrx_word' id='word_1_173' title='bbox 304 3032 491 3096; x_wconf 86' lang='lat' dir='ltr'>maestamque</span> <span class='ocrx_word' id='word_1_174' title='bbox 511 3024 632 3080; x_wconf 82' lang='lat' dir='ltr'>Euandri</span> <span class='ocrx_word' id='word_1_175' title='bbox 651 3025 755 3093; x_wconf 87' lang='lat' dir='ltr'>primus</span> <span class='ocrx_word' id='word_1_176' title='bbox 773 3023 809 3076; x_wconf 89' lang='lat' dir='ltr'>ad</span> <span class='ocrx_word' id='word_1_177' title='bbox 827 3024 924 3078; x_wconf 83' lang='lat' dir='ltr'>urbem</span> 
     </span>
     <span class='ocr_line' id='line_1_31' title="bbox 118 3101 875 3171; baseline -0.008 -15"><span class='ocrx_word' id='word_1_178' title='bbox 118 3101 247 3156; x_wconf 83' lang='lat' dir='ltr'>Mittatur</span> <span class='ocrx_word' id='word_1_179' title='bbox 267 3102 363 3169; x_wconf 84' lang='lat' dir='ltr'>Pallas,</span> <span class='ocrx_word' id='word_1_180' title='bbox 384 3119 465 3171; x_wconf 91' lang='lat' dir='ltr'>quem</span> <span class='ocrx_word' id='word_1_181' title='bbox 483 3118 537 3154; x_wconf 93' lang='lat' dir='ltr'>non</span> <span class='ocrx_word' id='word_1_182' title='bbox 556 3101 665 3156; x_wconf 87' lang='lat' dir='ltr'>virtutis</span> <span class='ocrx_word' id='word_1_183' title='bbox 685 3105 810 3167; x_wconf 82' lang='lat' dir='ltr'>egentem</span> <span class='ocrx_word' id='word_1_184' title='bbox 873 3131 875 3140; x_wconf 67' lang='lat'><em>,</em></span> 
     </span>
     <span class='ocr_line' id='line_1_32' title="bbox 120 3171 797 3235; baseline -0.003 -4"><span class='ocrx_word' id='word_1_185' title='bbox 120 3175 244 3231; x_wconf 82' lang='lat' dir='ltr'>Abstulit</span> <span class='ocrx_word' id='word_1_186' title='bbox 262 3180 325 3234; x_wconf 86' lang='lat' dir='ltr'>atra·</span> <span class='ocrx_word' id='word_1_187' title='bbox 340 3178 399 3235; x_wconf 88' lang='lat' dir='ltr'>dies</span> <span class='ocrx_word' id='word_1_188' title='bbox 418 3181 447 3231; x_wconf 89' lang='lat' dir='ltr'>et</span> <span class='ocrx_word' id='word_1_189' title='bbox 464 3178 560 3232; x_wconf 82' lang='lat' dir='ltr'>&#39;funere</span> <span class='ocrx_word' id='word_1_190' title='bbox 578 3175 675 3232; x_wconf 86' lang='lat' dir='ltr'>mersit</span> <span class='ocrx_word' id='word_1_191' title='bbox 693 3171 797 3229; x_wconf 85' lang='lat' dir='ltr'>acerbe.</span> 
     </span>
    </p>
   </div>
   <div class='ocr_carea' id='block_1_6' title="bbox 0 0 1140 3570">
    <p class='ocr_par' dir='ltr' id='par_1_18' title="bbox 0 0 1140 3570">
     <span class='ocr_line' id='line_1_33' title="bbox 0 0 1140 3570; baseline 0 0"><span class='ocrx_word' id='word_1_192' title='bbox 0 0 1140 3570; x_wconf 95' lang='lat' dir='ltr'> </span> 
     </span>
    </p>
   </div>
  </div>
 </body>
</html>
