2268 3570
126 119 174 164 33¹)
355 115 386 166 P.
406 113 555 160 VEBGILI
582 113 748 160 moab·

125 195 234 262 Ingruit
254 197 363 246 Aenum
384 194 462 246 lmus
480 202 510 244 et
528 192 632 260 proelia
650 193 755 257 misem,

124 271 160 324 Bt
179 287 228 322 nos
246 286 326 322 saera
346 287 427 321 riman
445 271 588 320 mittamus
606 269 703 320 funera
721 268 840 322 Teucris

124 346 182 400 lieu
194 362 307 398 numero
321 347 438 400 interim.
450 362 558 412 [imae
570 361 620 396 nee
631 344 734 395 honore
745 345 865 397 recedes.
944 361 983 398 m

123 423 230 476 Turnus
249 421 285 473 ad
304 421 387 474 11:2oe:

123 499 147 552 Ο
167 515 248 564 soror,
268 510 296 552 ct
315 498 419 550 dudum
439 497 748 563 an1‹›vi,euu1›;ima
771 506 928 563 pererrem

124 575 247 628 helem
265 575 384 628 turbasti
404 582 487 638 teque
506 572 573 623 haec
591 573 618 622 iu
637 571 709 623 bella
728 572 837 636 dedisti,

125 652 159 706 ia
177 670 248 706 nunc
266 652 432 719 :requiquam
451 649 522 699 [allis
541 648 600 700 dea
634 647 689 700 Sed
708 652 769 715 quis
787 649 904 717 Olympo

124 729 276 782 Demissam
296 736 388 782 mitras
408 727 493 778 soluit
512 738 541 778 te
559 725 629 776 serre
648 724 774 777 labore?
943 741 982 779 aas

125 809 170 858 Aa
188 807 281 858 fratris
301 808 391 858 miseri
410 805 495 856 letum
513 812 545 855 nt
563 802 674 854 crudele
692 801 818 854 videret

125 883 195 935 Nam
209 883 275 951 quid
289 887 357 949 argei
373 892 420 934 aut
434 899 504 949 (puae
517 882 570 932 iam
585 881 701 947 spondet
715 877 836 930 Fortuna
846 879 981 931 saluteml

126 958 190 1012 Vidi
210 960 300 1012 oculos
320 970 384 1012 :inte
404 961 463 1026 ipse
482 975 556 1009 meos
575 974 617 1008 me
636 974 700 1009 soce
719 967 861 1008 scitantem

126 1034 293 1102 Murranum,
312 1054 366 1104 quo
385 1054 437 1088 non
457 1040 569 1102 superat
588 1033 652 1084 mihi
672 1034 760 1085 carior
779 1032 857 1098 alter,

125 1110 264 1180 Oppetere
283 1114 422 1180 ingentem
442 1120 525 1180 auiae
543 1110 647 1176 ingenti
668 1109 777 1161 volnere
795 1109 904 1160 rictum,
943 1122 981 1159 ou

126 1187 233 1241 Occidit
251 1189 352 1256 infelix,
370 1206 405 1242 ne
423 1195 545 1240 nostrum
565 1186 683 1238 dedecus
702 1185 788 1238 l'fens

128 1265 290 1332 Aspicerct;
310 1264 403 1318 Teucri
424 1264 566 1332 potiuntur
585 1279 697 1328 corpore
715 1268 743 1313 et
761 1262 851 1313 araris,

128 1339 289 1394 Exscindine
309 1341 410 1405 domos,
430 1340 458 1391 id
476 1340 559 1391 rebus
578 1338 665 1389 deluit
683 1355 773 1392 unum.

129 1415 289 1484 l'erpetiarl
308 1417 407 1469 dextra
424 1432 475 1468 nee
494 1415 609 1468 Drancis
628 1413 701 1466 dicta
719 1415 858 1466 relellaml

126 1491 214 1560 Terga
223 1491 302 1558 dabo,
312 1497 341 1546 et
351 1491 471 1546 Turnum
481 1491 791 1559 fugientemhaectena
801 1490 922 1543 n'debitl
943 1505 980 1542 ou

128 1566 221 1636 Usque
240 1568 345 1622 adeone
363 1568 431 1622 mori
450 1569 579 1620 miseram
601 1569 661 1620 estl
680 1568 771 1618 Veso
794 1567 860 1618 mihi
883 1566 979 1618 Manes

127 1643 193 1698 Este
211 1643 281 1710 beni,
302 1645 428 1714 quoniam
448 1644 559 1712 Superis
577 1661 672 1697 aversa
688 1644 821 1696 voluntas.

127 1719 226 1774 Sancta
243 1719 278 1772 ad
297 1737 344 1774 vos
363 1720 459 1788 anima,
477 1725 561 1787 atquo
579 1721 658 1774 istius
675 1720 759 1773 inscia
777 1721 872 1789 culpae

128 1794 305 1862 Dementiam,
319 1813 477 1865 magnorum
490 1796 565 1849 haud
577 1814 706 1865 umquam
719 1795 847 1863 indignus
859 1813 978 1848 avorum.

162 1871 216 1924 Vix
229 1889 262 1925 ca
275 1873 348 1926 satus
363 1877 436 1926 erat:
451 1873 555 1926 medies
569 1874 650 1940 volat,
663 1890 732 1938 cece,
745 1873 892 1940 perhactis
943 1887 980 1924 eso

128 1947 231 2002 Vettus
250 1965 320 2016 equo
339 1953 483 2017 spumante
502 1950 590 2018 Saces,
609 1949 723 2002 adversa
741 1950 840 2015 sagitto

127 2023 240 2078 Saucius
257 2041 311 2088 ora,
331 2023 440 2093 ruitque
459 2025 597 2093 inplorans
614 2025 722 2078 nomine
741 2025 875 2078 Turnum:

127 2099 224 2168 Turne,
242 2100 269 2152 in
288 2105 316 2154 te
334 2117 461 2169 suprema
479 2102 566 2166 salus3
585 2102 715 2155 miserere
733 2105 848 2154 tuonnn.

129 2177 265 2232 Fulminat
285 2181 392 2232 Aeneas
410 2180 501 2244 armis,
520 2195 694 2246 summasque
713 2179 830 2230 minatur·

130 2253 303 2308 lleieeturum
322 2272 398 2308 arces
419 2255 518 2308 Italum
538 2253 712 2321 exscidioque
732 2253 874 2317 daturum
945 2270 980 2307 au

130 2331 242 2402 lamque
260 2331 333 2386 laces
352 2332 386 2384 a‘l
406 2335 481 2384 tecta
499 2330 597 2382 volant.
635 2329 668 2381 In
687 2333 716 2382 te
735 2346 781 2382 ora
800 2329 896 2395 Latini,

131 2407 161 2460 ln
180 2411 208 2462 te
226 2409 316 2462 oeulos
335 2409 473 2471 relerunt;
491 2411 595 2458 mussat
613 2423 661 2458 rex
679 2406 737 2473 ipse
758 2405 876 2470 Latiaris,

129 2483 201 2548 Quos
219 2503 334 2553 generos
354 2487 437 2546 vocet
455 2486 503 2536 aut
522 2500 592 2551 quae
611 2499 671 2534 sese
689 2481 724 2533 ad
743 2481 854 2535 foedera
872 2481 971 2535 flectat

131 2559 276 2614 Praeterea
294 2562 394 2628 regina,
414 2559 454 2614 tui
473 2558 611 2622 fidissima„
630 2557 728 2610 dextra

129 2637 237 2690 Occidit
256 2639 314 2706 ipsa
333 2654 388 2702 sua,
407 2637 551 2703 lacemque
571 2633 705 2687 exterrita
722 2634 799 2701 fugit.
944 2649 980 2684 em

129 2713 183 2766 Soli
201 2730 251 2782 pro
269 2713 354 2782 pertis
373 2713 515 2781 Messapus
533 2716 562 2766 et
580 2728 642 2765 acer
661 2711 761 2763 Atinas

129 2789 290 2842 Sustentant
308 2789 400 2844 aciem.
437 2791 544 2844 Circum
562 2789 611 2842 hes
629 2788 768 2855 utrimque
785 2786 933 2854 phalanges

129 2865 210 2918 litant
228 2863 336 2932 deamo,
355 2866 511 2936 strictisque
530 2883 607 2934 seges
625 2863 799 2918 mucronibus
817 2862 911 2914 horret

130 2941 243 2996 Ferrea:
263 2947 294 2995 tu
312 2958 422 2996 currum
441 2944 551 2996 deserte
569 2945 597 2996 in
616 2940 739 3010 gramine
757 2955 856 2992 versas.

130 3017 271 3088 Obstipuit
289 3018 363 3072 varia
382 3020 508 3073 confusus
526 3019 643 3087 imagine
662 3034 753 3070 rerum
945 3027 980 3068 att

130 3095 243 3162 Turnus,
263 3099 292 3149 et
310 3095 409 3150 obtutu
429 3097 511 3150 tacito
531 3097 623 3160 stetit;
643 3097 749 3148 aestuat
768 3093 864 3160 ingens

131 3170 192 3225 Uno
210 3169 237 3225 in
255 3171 337 3226 corde
353 3171 441 3240 pudor
459 3172 599 3240 mixtoque
616 3171 720 3224 insania
736 3169 812 3222 luctu
