2278 3568
410 140 592 189 AENEIDOS
609 139 677 188 LIB.
697 139 733 187 11.
943 139 990 188 105

176 221 264 292 Saepe
282 221 375 291 fugam
395 223 482 276 Danai
501 223 581 276 Troia
598 222 708 290 cupiere
726 220 822 274 relicta

142 299 232 352 Moliri
252 303 280 352 et
298 298 378 367 longe
396 299 461 352 fessi
479 298 622 352 discedere
641 297 726 362 bello;

142 373 338 443 Peeissentque
356 375 474 427 utinam!
497 391 580 442 saepe
597 374 658 427 illos
676 389 773 442 aspera
790 372 867 441 ponti
957 387 992 426 ne

144 449 302 502 Interclusit
319 449 433 518 hiemps,
452 453 482 502 et
501 451 601 503 tenuit
622 452 726 503 Auster
744 450 841 504 euntis.

143 525 298 592 Praecipue,
315 541 377 579 omn
396 528 449 578 iam
468 526 511 579 hie
530 525 654 580 trabibus
673 529 817 580 contextus
835 529 940 580 acernis

142 601 235 655 Staret
251 619 346 670 equus,
366 605 425 654 tote
443 607 593 656 sonuerunt
611 603 725 656 aethere
741 603 833 656 nimbi

143 679 272 747 Suspensi
291 678 456 747 Eurypylum
473 680 618 733 scitantem
636 680 746 734 oracula
764 681 868 734 Phoebi

144 755 286 824 Mittimus,
304 755 382 823 isque
400 755 490 826 adytis
508 756 575 810 haee
593 757 686 810 tristia
703 757 777 812 dicte
795 761 931 827 reportat:
958 773 993 812 115

142 831 297 900 “Sanguine
315 833 443 900 placastis
462 837 558 886 ventos
575 837 605 886 et
622 834 727 902 virgine
743 852 830 902 caesa,
857 868 859 874 ·

143 909 212 964 (lum
229 910 348 978 primum
368 910 473 978 Iliacas,
493 911 587 978 Danai,
606 911 718 964 venistis
735 911 772 964 ad
789 929 866 977 oras3

143 988 280 1055 Sanguine
297 987 447 1054 quaerendi
466 987 580 1053 reditus,
599 988 742 1055 animaque
760 989 895 1042 litandum

108 1089 112 1094 ·
146 1063 293 1132 Argolica.'’
331 1062 412 1131 Volgi
431 1081 500 1132 quae
518 1080 570 1116 vox
589 1067 620 1116 ut
638 1064 712 1117 venit
729 1064 767 1117 ad
783 1065 863 1129 auris

142 1139 308 1209 Obstipuere
326 1141 415 1208 animi,
433 1141 596 1209 gelidusque
615 1157 664 1208 per
682 1141 736 1193 ima
754 1141 873 1194 cucurrit
957 1155 994 1194 lae

143 1217 213 1270 Ossa
231 1217 402 1281 tremonem
420 1218 477 1270 fata
495 1221 600 1286 parent,
618 1233 701 1286 quem
719 1221 813 1286 poseat
832 1217 935 1286 Apelle

145 1292 198 1346 Hic
217 1293 330 1346 ithacus
348 1298 438 1347 vatem
457 1311 554 1362 niagno
575 1293 722 1347 Calchanta
739 1294 860 1348 tumultu

145 1369 285 1422 Protrahit
302 1369 330 1422 in
349 1370 468 1436 medios;
489 1388 559 1438 quae
577 1371 633 1423 sint
651 1389 685 1424 ca
703 1372 814 1425 numina
831 1371 929 1438 divom,

145 1444 272 1514 Flagitnt.
310 1446 346 1499 Et
364 1447 430 1498 mihi
448 1448 502 1499 iam
521 1447 601 1500 multi
619 1448 730 1501 crudele
748 1449 883 1502 canebant

146 1521 268 1575 Artificis
286 1523 381 1590 scelus,
398 1527 428 1576 et
447 1523 524 1576 taciti
542 1529 657 1578 ventura
675 1525 811 1579 videbant
959 1538 994 1576 ras

145 1598 193 1651 Bis
211 1599 307 1666 quinos
325 1599 388 1652 silet
405 1599 451 1652 ille
468 1599 536 1666 dies,
556 1605 700 1669 tectusque
719 1605 826 1655 recusat

145 1675 266 1728 Prodere
283 1691 348 1728 voce
366 1693 415 1729 sua
432 1693 597 1745 quemquam
616 1683 663 1730 aut
680 1695 817 1746 oppenere
835 1679 923 1731 morti.

145 1751 200 1804 Vix
218 1751 337 1819 tandem,
357 1754 462 1820 mugnis
483 1753 572 1806 Ithaci
590 1753 753 1807 clamoribus
771 1758 856 1820 actuS,

144 1828 293 1898 Conponite
311 1829 414 1896 rumpit
433 1845 533 1897 vocem,
552 1833 582 1884 et
600 1847 644 1883 me
662 1830 783 1883 destinat
802 1847 872 1883 arae

146 1905 302 1958 Adsensere
319 1921 421 1973 omues,
440 1909 477 1974 et,
495 1923 566 1974 quac
584 1906 637 1960 sibi
655 1907 771 1974 quisque
790 1906 913 1969 timebat,
960 1918 995 1957 rae

145 1981 233 2035 Unius
251 1981 279 2034 in
296 1982 389 2034 miseri
408 1983 522 2036 exitium
541 1990 670 2036 oenversa
688 1983 783 2037 tulere

147 2058 260 2125 lamque
278 2057 337 2110 dies
355 2058 466 2112 infanda
483 2059 596 2125 aderat3
615 2059 682 2112 mihi
701 2076 776 2112 saera
793 2061 891 2128 parari,

146 2134 181 2188 Et
199 2134 286 2188 salsae
304 2135 403 2203 fruges,
421 2139 451 2188 et
469 2136 571 2200 circum
589 2139 714 2203 tempora
731 2135 833 2201 vittae;

146 2211 248 2281 Eripui,
267 2213 363 2279 fateor,
381 2212 437 2266 leto
455 2230 507 2278 mc,
526 2217 555 2265 et
572 2213 679 2264 vincula
696 2211 766 2279 rupi,

146 2287 310 2356 Limosoque
328 2289 389 2342 lacu
406 2306 456 2357 per
474 2292 581 2342 noctem
600 2288 731 2340 obscurus
748 2287 776 2339 in
794 2287 857 2342 ulva
961 2304 997 2344 13⁵

147 2365 258 2430 Delitui,
279 2366 343 2418 dum
363 2365 423 2418 vela
440 2366 547 2432 darent,
567 2365 589 2418 si
608 2365 679 2418 ferte
698 2363 846 2418 dedissent.
945 2431 947 2436 Ἰ

146 2441 171 2494 N
174 2459 204 2496 ee
223 2441 289 2494 mihi
307 2441 360 2495 iam
380 2443 497 2512 patriam
516 2443 657 2511 antiquam
676 2459 738 2510 spes
756 2441 812 2494 ulla
829 2441 948 2510 videndi,

146 2518 171 2570 N
174 2535 204 2572 ec
223 2518 310 2572 dulcis
328 2522 407 2572 uates
426 2523 640 2588 exoptatumque
659 2521 816 2587 parentem;

147 2594 220 2657 Quos
238 2595 276 2647 illi
295 2595 351 2648 sors
371 2599 399 2648 et
418 2613 520 2664 poenas
538 2596 574 2649 ob
593 2601 687 2649 nostra
704 2601 848 2664 reposcent

147 2670 261 2739 Effugia,
279 2676 308 2726 et
326 2671 432 2740 eulpam
452 2673 521 2726 hauc
541 2673 700 2726 miserorum
718 2676 806 2724 morte
824 2671 945 2740 piabunt.
963 2683 998 2722 rso

147 2748 227 2811 Quod
245 2753 274 2802 te
292 2766 341 2816 per
360 2766 473 2817 superos
492 2754 521 2804 et
539 2751 644 2802 conscia
662 2749 774 2801 numina
791 2749 855 2816 veri,

147 2825 208 2892 Per,
221 2825 243 2879 si
258 2829 375 2894 quaest,
389 2843 460 2894 quae
472 2830 559 2880 restet
572 2827 662 2880 adhue
674 2824 835 2878 mortalibus
847 2840 962 2891 usquam

148 2903 318 2956 Intemerata
337 2902 414 2970 fides,
435 2920 490 2972 oro,
508 2904 638 2957 miserere
656 2897 779 2956 laborum

147 2979 304 3048 Tantorum,
325 2980 454 3033 miserere
474 2981 556 3033 animi
575 2997 628 3034 non
647 2980 729 3046 digna
747 2978 863 3033 ferentis

183 3055 236 3109 His
248 3055 366 3110 lacrimis
378 3056 579 3123 vitaruldamus,
592 3060 621 3110 et
632 3055 830 3108 miserescimus
843 3055 920 3108 ultro.
966 3066 1000 3108 115

149 3132 213 3201 Ipse
230 3134 287 3186 vire
306 3133 547 3202 primus'munieus
563 3137 647 3206 atque
666 3135 727 3184 arta
743 3129 828 3184 levari

149 3210 246 3264 Vincla
264 3210 341 3263 iubet
360 3210 492 3276 Priamus,
511 3209 646 3278 dictisque
664 3208 705 3261 itu
722 3208 795 3262 fatur
814 3207 919 3260 amieis:
