2278 3568
429 149 612 200 AENEIDOS
632 151 700 202 LlB.
722 152 744 201 1.
984 157 1014 202 95

161 230 290 286 Partibus
309 231 447 300 aequabat
463 231 550 299 iustis,
569 235 617 286 aut
636 235 710 286 sorte
728 233 909 312 trahebatzfs

161 309 229 362 Onm
248 309 339 363 subito
358 311 467 363 Aeneas
485 325 617 362 concursu
635 308 766 362 accedere
784 326 883 378 magno

161 389 273 442 Anthea
286 389 501 456 Sergestumque
514 386 590 439 videt
602 386 758 455 sortemque
772 387 943 454 Cloanthum,
978 403 1014 442 510

160 465 381 532 Teucrorumque
400 465 474 532 alios,
492 467 553 517 ater
571 481 640 533 qnos
658 481 777 534 aequore
795 465 876 519 turbo

160 542 320 610 Dispularat
339 542 503 610 penitusque
521 541 587 594 alias
605 546 735 594 avexerat
754 559 822 596 oras.

160 618 302 688 Obstipuit
320 618 400 671 simul
418 618 477 686 ipse
496 618 576 670 simul
594 619 734 687 perculsus
754 619 875 674 Achates

159 695 334 764 Laetitiaque
352 698 498 764 metuque;
519 694 591 748 avidi
610 695 773 763 coniungere
792 696 904 750 dextras

160 773 321 838 Ardebant3
343 771 392 826 sed
410 789 454 825 005
474 772 578 825 animos
596 772 735 839 incognita
753 772 854 826 turbat.
978 789 1014 827 515

159 847 347 916 Dasanulant,
367 853 396 902 et
413 848 486 902 nube
504 865 570 902 cava
588 849 763 917 speculantur
781 849 880 918 amicti,

160 927 235 992 Quae
252 928 362 981 fortuna
379 928 452 995 viris,
472 928 585 980 classem
605 943 658 996 quo
677 927 757 980 litore
775 926 908 994 linquant,

159 1003 232 1067 Quid
250 1004 374 1070 veniant;
394 1005 499 1058 cunctis
516 1021 579 1056 nam
598 1004 662 1057 lecti
680 1003 794 1056 naribus
811 1003 896 1070 ibant,

159 1079 277 1135 Orantes
294 1081 408 1148 reniam,
428 1085 457 1135 ct
475 1081 607 1150 templum
626 1081 743 1134 clamore
761 1079 900 1148 petebant.

194 1157 342 1226 Postquam
355 1158 516 1226 introgressi
530 1163 662 1212 alcoram
675 1157 741 1211 data
753 1157 830 1225 copia
842 1155 924 1224 fandi,
977 1170 1013 1209 500

158 1233 304 1286 Maxumus
324 1234 444 1288 Ilioneus
462 1235 568 1304 placido
587 1235 626 1289 sic
643 1238 754 1304 pectore
773 1233 875 1303 coepit:

159 1309 182 1362 O
202 1309 315 1379 Regina,
333 1328 430 1364 novam
449 1313 492 1364 cui
510 1313 627 1365 condere
648 1312 773 1380 Iuppiter
790 1309 892 1364 urbem.

159 1384 325 1456 Iustitiaque
345 1388 423 1442 dedit
441 1389 532 1456 gentis
550 1389 658 1442 frenare
677 1387 814 1456 superbas,

158 1463 242 1517 Troes
260 1468 289 1518 te
307 1466 408 1532 miseri,
427 1465 516 1519 ventis
534 1465 621 1518 maria
639 1465 729 1518 omnia
746 1465 815 1520 recti

158 1539 283 1610 Oramus,
301 1540 416 1610 prohibe
434 1541 560 1595 infandos
579 1559 595 1596 a
613 1541 726 1594 navibus
744 1541 822 1609 ignis,
975 1555 1011 1595 505

158 1614 243 1670 Parce
261 1618 306 1686 pio
324 1617 427 1686 generi,
446 1622 474 1671 et
491 1619 603 1687 propius
621 1635 665 1672 005
684 1618 774 1686 aspice
791 1620 905 1670 nostras.

158 1692 184 1745 N
186 1710 220 1746 on
239 1711 287 1746 nos
305 1698 354 1748 aut
371 1695 445 1747 forro
465 1693 579 1763 Libycos
598 1694 729 1763 populare
750 1693 860 1746 Penatis

158 1767 297 1838 Venimus,
316 1773 363 1824 aut
382 1773 474 1839 raptas
493 1771 528 1824 ad
546 1771 628 1824 litora
645 1774 753 1823 uertere
771 1769 902 1838 praedas;

158 1844 219 1898 Non
238 1863 270 1900 aa
288 1847 328 1901 vis
347 1847 443 1911 animo,
462 1851 607 1900 nectente
625 1845 753 1914 superbia
770 1846 855 1898 uictis.

158 1922 208 1975 nst
226 1923 308 1989 locus,
328 1923 492 1992 Hesperiam
512 1923 588 1978 Graii
606 1923 765 1990 cognomine
784 1918 891 1987 dicunt,
975 1936 1011 1976 550

157 1998 241 2052 ’10000
259 2000 379 2068 antiqua,
397 2004 494 2068 potens
512 2001 595 2053 armis
613 2004 697 2068 atque
715 1997 800 2052 ubere
818 1997 946 2066 glaebae;

158 2075 272 2129 Oenotri
291 2076 399 2129 coluere
417 2076 482 2141 riri3
501 2093 573 2129 nuno
590 2077 669 2141 fama,
688 2075 806 2127 minores

158 2150 267 2204 ltaliam
286 2151 387 2204 dixisse
407 2151 484 2204 dacis
503 2152 538 2204 de
556 2151 665 2204 nomine
683 2153 818 2218 gentem·

158 2227 212 2281 llic
230 2244 324 2281 cursus
342 2228 406 2280 fuit:

157 2303 225 2357 Oum
244 2304 334 2358 subito
353 2303 504 2371 adsurgens
523 2303 607 2355 fluctu
625 2302 763 2355 nimbosus
783 2302 866 2355 Orion
974 2321 1010 2359 555

158 2379 192 2432 ln
210 2381 280 2434 vada
297 2397 376 2434 caeca
394 2380 466 2447 tulit,
484 2379 650 2449 penitusque
668 2377 827 2448 procacibus
845 2381 945 2434 austris

158 2455 265 2524 Perque
283 2457 378 2525 undas,
397 2460 545 2525 superante
563 2455 627 2522 5510,
645 2471 749 2524 parque
768 2455 840 2508 invia
858 2473 924 2510 sana

159 2531 293 2600 Dispulit3
314 2534 367 2586 huc
384 2534 462 2602 pauci
481 2533 580 2585 restris
598 2532 757 2595 adnavimus
775 2533 836 2586 oris.

158 2608 238 2672 Quod
255 2625 341 2676 genus
359 2610 410 2663 hoc
428 2610 583 2662 hominuml
606 2625 710 2677 quaeve
728 2608 799 2662 hunc
817 2612 874 2661 tam
892 2609 1011 2663 barbara

226 2701 329 2738 morem

158 2759 300 2813 Permittit
317 2763 422 2828 patriai
444 2762 562 2830 hospitio
580 2761 757 2830 prohibemur
775 2779 887 2830 arenae;
975 2777 1011 2816 540

159 2835 236 2888 Βο110
254 2836 334 2902 cient,
353 2838 496 2906 primaque
515 2842 610 2892 vetant
628 2837 778 2892 consistere
797 2843 877 2892 terra.

158 2910 186 2964 Si
205 2927 291 2978 genus
310 2911 456 2966 humanum
475 2918 503 2967 et
521 2914 647 2968 mortalia
665 2915 787 2968 temnitis
806 2932 887 2978 arma,

158 2988 199 3041 At
217 2991 326 3055 sperate
345 2988 418 3055 deos,
436 3005 570 3043 memores
588 2990 663 3044 fandi
682 2995 768 3059 atque
786 2991 904 3044 nefandi.
929 3058 931 3062 ι

159 3065 219 3120 lter
237 3068 297 3118 erat
317 3067 425 3118 Aeneas
444 3065 528 3128 nobis,
547 3083 601 3135 quo
619 3067 716 3120 iustior
734 3067 812 3133 alter,

158 3141 184 3195 N
186 3159 217 3195 ec
234 3142 339 3210 pietate
356 3141 410 3194 fuit
427 3158 477 3194 nee
494 3141 566 3195 bello
584 3144 670 3195 maior
688 3147 717 3194 et
735 3143 824 3195 armis.
975 3159 1011 3197 555

159 3221 246 3284 Quem
265 3218 287 3271 si
304 3218 362 3272 fata
380 3218 468 3270 virum
487 3223 604 3284 serrant,
623 3219 645 3270 si
665 3218 783 3270 rescitur
801 3233 866 3272 aura
