2266 3562
118 139 147 189 70
344 143 372 192 P.
393 143 548 192 VERGILI
569 143 735 192 MARONIS

116 217 212 289 Eripe;
230 237 284 274 non
302 223 355 276 illis
374 225 518 293 quisquam
536 226 726 280 cunctantibus
745 225 831 278 altum

116 296 161 350 Ire
179 297 233 350 iter
251 302 299 352 aut
317 300 413 352 castris
432 300 545 354 audebit
563 301 663 354 vellere
681 301 765 368 signa

115 373 235 428 Invitent
254 375 355 428 croceis
372 376 494 430 halantes
512 377 623 430 floribus
641 377 720 443 horti,

115 449 151 503 m
169 454 259 504 custos
276 452 367 505 furum
385 456 468 520 atque
487 453 575 506 avium
594 470 654 506 cum
673 453 741 506 falec
760 452 863 519 saligna
932 468 967 506 000

116 525 328 594 Hellespontiaci
347 532 438 580 servet
456 529 544 581 tutela
563 529 660 597 Priapi.

115 603 178 670 Ipse
196 603 318 670 thymum
337 603 470 672 pinosque
487 606 578 659 ferens
597 606 789 660 dementibus
807 606 869 659 altis

114 678 197 732 l'eeta
215 683 289 732 serat
307 680 363 734 late
381 681 490 749 circum,
508 683 549 735 cui
568 683 634 736 talia
651 700 746 747 eurae;

114 755 179 823 lpse
196 755 290 810 labore
307 774 417 810 manum
437 757 505 812 duro
523 762 605 826 terat,
622 760 681 828 ipso
699 760 796 813 feracis

114 831 194 899 Figat
211 832 293 886 humo
311 834 418 902 plantas
437 837 466 888 et
483 836 582 888 amicos
599 835 701 904 inriget
718 835 822 890 imbris.
931 848 966 886 000

148 909 242 976 Atque
260 910 395 978 equidem,
414 915 537 964 extremo
555 912 583 964 ni
601 911 655 964 iam
674 911 724 964 sub
741 911 795 963 fine
813 910 936 963 laborum

114 982 183 1037 Vela
201 985 307 1038 traham
326 990 354 1040 et
372 987 455 1040 terris
473 988 598 1041 festinem
617 987 761 1040 advertere
779 1002 895 1054 proram,

113 1059 238 1114 Forsitan
256 1066 293 1129 et,
311 1064 418 1131 pinguis
437 1063 530 1116 hortos
549 1081 618 1132 quac
636 1080 701 1117 cura
719 1061 824 1116 colendi

114 1136 237 1201 Omaret,
257 1155 388 1202 canerem,
407 1138 542 1208 biferique
560 1141 661 1192 rosaria
681 1139 780 1206 Paesti,

113 1211 226 1280 Quoque
244 1215 325 1266 modo
343 1216 416 1282 potis
434 1215 585 1281 gauderent
603 1216 689 1268 intiba
706 1216 770 1268 rivis
931 1228 967 1265 12⁰

114 1288 150 1341 lit
167 1289 269 1342 virides
288 1291 348 1358 apio
366 1291 448 1358 ripae,
468 1295 613 1359 tortusque
631 1307 681 1358 per
698 1291 809 1344 herbam

113 1364 255 1418 Cresceret
273 1366 302 1418 100
321 1371 443 1418 ventrem
463 1367 596 1432 ououmis;
614 1385 664 1420 nee
682 1385 742 1420 sera
760 1370 912 1420 comantem

113 1440 269 1493 Narcissum
288 1447 336 1508 aut
354 1442 418 1494 flexi
437 1442 581 1496 tacuissem
600 1445 688 1496 vimen
708 1443 815 1498 acanthi

114 1515 298 1585 Pallantisque
316 1519 432 1572 hederas
451 1522 479 1572 ot
497 1521 613 1573 amantis
631 1521 711 1574 litora
729 1525 838 1588 myrtos.

113 1592 237 1661 Namque
256 1594 306 1647 sub
325 1595 453 1648 Oebaliae
471 1596 582 1648 memini
600 1613 644 1650 me
662 1597 783 1650 turribus
801 1596 871 1663 altis,
930 1592 963 1647 001

113 1669 172 1733 Qua
189 1671 266 1738 niger
284 1671 424 1724 humectat
442 1672 570 1725 flaventia
588 1673 661 1727 culta
681 1673 819 1740 Galaesus,

113 1745 253 1813 Corycium
272 1747 372 1801 vidisse
391 1766 491 1816 senem,
510 1750 553 1801 cui
572 1767 658 1818 pauca
676 1749 763 1803 relicti

113 1822 214 1889 Iugera
233 1825 304 1876 ruris
323 1828 408 1891 erant,
427 1841 478 1878 nec
496 1825 593 1878 fertilis
611 1825 657 1878 illa
675 1826 800 1893 iuvencis,

112 1898 137 1950 N
140 1915 170 1952 ee
188 1901 279 1967 pecori
297 1905 449 1968 opportuna
467 1919 552 1970 seges,
571 1918 620 1955 nee
638 1902 780 1956 commoda
798 1901 912 1955 Bacche.

115 1975 166 2028 1110
183 1993 275 2029 rarum
294 1981 385 2030 tamen
403 1978 430 2029 in
449 1977 539 2030 dumis
557 1978 616 2030 olus
634 1978 749 2046 albaque
767 1979 867 2031 circum
931 1994 966 2032 000

115 2051 180 2104 Lilia
198 2053 384 2122 verbenasque
402 2071 528 2122 premens
546 2071 709 2124 vescumque
728 2072 854 2123 papaver,

113 2128 218 2195 ltegum
236 2131 373 2198 aequabat
391 2148 456 2200 opes
475 2132 578 2200 animis,
598 2149 713 2200 seraque
731 2136 872 2185 revertens

113 2204 198 2258 Nocte
217 2205 327 2259 domum
346 2207 462 2276 dapibus
480 2225 587 2262 mensas
607 2209 738 2262 onerabat
755 2209 889 2276 inemptis.

113 2280 219 2334 Primus
237 2300 300 2336 vere
318 2300 407 2336 rosam
426 2289 510 2354 atque
527 2290 657 2338 autumno
675 2301 785 2350 carpere
803 2301 891 2352 poma

112 2357 226 2412 Etcum
245 2361 333 2413 tristis
351 2360 456 2429 hiemps
475 2363 623 2415 etiamnum
641 2363 743 2428 frigore
761 2377 825 2412 saxa
932 2375 965 2411 iss

112 2431 263 2503 Rumperet
281 2441 310 2490 01
327 2437 413 2504 glacie
432 2454 527 2490 cursus
545 2438 666 2489 frenaret
685 2453 824 2504 aquarum,

113 2509 162 2563 1110
181 2528 285 2564 comam
303 2514 392 2566 mollis
410 2515 464 2566 iam
483 2512 617 2566 tondebat
635 2512 779 2579 hyacinthi,

113 2587 255 2642 Aestatem
274 2590 439 2658 increpitans
458 2606 546 2642 seram
565 2588 752 2657 zephyrosque
770 2588 908 2642 morantis.

113 2661 184 2730 Ergo
201 2665 298 2732 apibus
316 2667 379 2718 fetis
396 2665 469 2718 idem
488 2669 572 2734 atque
591 2666 714 2718 examine
734 2665 821 2718 multo

114 2739 219 2792 Primus
238 2741 378 2794 abundare
397 2746 426 2794 et
445 2742 598 2810 spumantia
616 2758 713 2809 cogere
730 2741 830 2811 pressis
930 2755 964 2794 lte

113 2815 194 2868 llella
211 2816 294 2882 fav·is;
310 2818 350 2870 1111
368 2817 444 2871 tiliae
464 2823 547 2887 atque
565 2819 704 2872 uberrima
721 2819 814 2888 pinus;

112 2892 237 2960 Quotque
257 2894 284 2945 in
303 2894 369 2946 llorc
389 2911 457 2947 novo
476 2896 563 2964 pomis
582 2913 610 2948 se
629 2896 727 2949 fertilis
744 2894 825 2948 arbos

113 2966 251 3035 induerat,
271 2969 387 3023 totidem
406 2975 535 3025 autumno
554 2977 662 3026 matura
680 2971 799 3026 tenebat.

113 3043 162 3096 1110
181 3046 262 3098 etiam
281 3063 355 3100 seras
373 3048 401 3100 in
420 3065 527 3102 versum
548 3050 657 3104 distulit
675 3051 762 3103 ulmos

112 3119 286 3190 llduramque
304 3124 393 3191 pirum
411 3129 440 3179 et
458 3126 549 3194 spinos
568 3128 621 3180 iam
640 3144 726 3195 pruna
744 3127 858 3180 ferentis
929 3141 963 3178 in

113 3194 122 3208 '
177 3213 225 3248 ···e
243 3199 446 3256 ministrantem
464 3203 604 3272 platanum
623 3203 780 3271 potantibus
798 3202 915 3256 umbras
