2278 3568
447 166 629 216 AENEIDOS
647 167 715 215 LIB.
736 166 774 216 II.
991 169 1036 216 11³

186 248 237 300 Dis
254 249 335 302 aliter
353 249 455 311 visum;
472 251 590 314 pereunt
610 246 786 315 Hypanisque
804 247 959 318 Dymasque

186 323 292 376 Confixi
310 341 327 376 a
345 324 437 388 sociis;
454 339 504 376 nec
522 327 550 376 te
568 326 617 376 tua
635 323 759 390 plurima,
779 323 894 394 Panthu,

187 400 337 453 Labentem
356 401 443 468 pietas
462 415 511 451 nec
530 399 665 466 Apollinis
683 399 768 452 insuia
786 401 862 454 texit.
1004 418 1040 458 ssa

187 477 262 530 Iliaci
281 476 386 529 cineres
404 479 433 528 et
452 474 560 528 flamma
579 479 702 528 extrema
721 492 851 544 meorum,

186 553 288 618 Testor,
307 553 334 605 in
353 568 450 604 occasu
467 553 559 604 vestro
577 568 628 605 nec
646 552 702 605 tela
720 570 769 606 nec
788 552 857 608 ullas

187 628 323 682 vitavisse
340 627 411 681 vices
431 627 564 693 Danaum,
583 631 619 694 et,
637 629 659 680 si
678 629 735 683 fata
753 631 876 699 luissent,

186 704 225 758 Ut
243 705 375 768 caderem,
394 703 526 756 meruisse
545 719 633 756 mauu.
670 703 831 758 Divellimur
848 706 920 774 inde,

186 781 295 850 Iphitus
312 785 341 835 et
360 780 450 834 Pelias
467 797 581 847 mecum,
600 797 716 848 quorum
738 782 844 850 Iphitus
863 800 929 838 aevo
999 799 1035 840 sat

185 858 245 912 Iam
262 859 376 926 gravior,
396 856 485 910 Pelias
504 859 532 910 et
551 856 660 909 volnere
678 857 775 910 tardus
795 859 885 924 Ulixi;

185 935 313 989 Protinus
331 934 367 988 ad
385 933 465 987 sedes
484 932 585 986 Priami
604 932 721 988 clamore
740 935 834 988 vocati.

185 1012 238 1066 Hic
255 1028 319 1065 vero
337 1012 477 1078 ingentem
495 1026 621 1078 pugnam,
641 1026 690 1062 ceu
707 1014 799 1064 cetera
816 1025 949 1078 nusquam

186 1089 263 1142 Bella
280 1087 378 1154 forent,
396 1087 463 1140 nulli
481 1089 541 1140 tota
558 1091 730 1140 morerentur
748 1087 776 1140 in
793 1087 868 1156 urbe,

184 1165 227 1220 Sic
235 1165 353 1218 Martem
364 1163 533 1230 indomitum,
544 1161 707 1231 Danaosque
716 1163 752 1216 ad
761 1167 834 1218 tecta
843 1167 948 1220 ruentis
999 1183 1036 1222 seo

184 1243 324 1296 Cernimus
342 1241 537 1309 obsessumque
555 1243 617 1293 acta
634 1240 773 1294 testudine
791 1241 879 1295 limen.

184 1319 308 1372 Haerent
326 1316 477 1385 parietibus
495 1317 590 1380 scalae,
609 1320 750 1385 postisque
768 1317 818 1372 sub
836 1319 909 1388 ipsos

184 1395 317 1448 Nituntur
335 1394 473 1462 gradibus,
493 1394 650 1462 clipeosque
668 1393 704 1446 ad
721 1395 778 1448 tela
797 1395 912 1449 sinistris

185 1472 305 1525 Protecti
324 1470 460 1536 obiiciunt,
480 1475 610 1538 prensant
628 1471 737 1538 fastigia
755 1471 867 1525 dextris.

184 1544 358 1601 Dardanidae
376 1550 471 1600 contra
490 1547 574 1599 turris
592 1563 624 1600 ac
642 1551 715 1601 tecta
734 1549 876 1602 domorum
1000 1566 1035 1604 su

184 1625 309 1678 Culmina
327 1623 496 1686 convellunt;
515 1622 555 1676 his
574 1640 610 1688 se,
630 1623 740 1691 quaudo
758 1625 854 1678 ultima
872 1632 992 1693 cernunt,

184 1701 315 1754 Extrema
332 1701 386 1753 iam
404 1700 431 1752 in
450 1703 539 1752 morte
556 1704 654 1767 parant
672 1699 820 1754 defendere
839 1702 914 1766 telis;

186 1780 359 1846 durataeque
379 1776 479 1841 trabes,
497 1779 621 1829 veterum
640 1775 739 1829 deeora
757 1777 813 1830 alta
830 1783 982 1845 parentum,

185 1854 352 1917 Devolvuut3
370 1853 415 1906 alii
434 1851 536 1906 strictis
555 1851 728 1906 mucronibus
747 1853 815 1906 imas

177 1930 324 1984 ,Obsedere
342 1930 430 1993 fores;
447 1928 496 1981 has
515 1933 625 1982 servant
642 1929 749 1996 agmine
768 1929 857 1984 denso.
998 1948 1034 1987 eo

186 2007 333 2061 Instaurati
352 2004 442 2070 animi,
462 2005 534 2072 regis
553 2021 710 2059 succurrere
728 2007 815 2074 tectis,

186 2083 350 2151 Auxilioque
368 2082 458 2135 levare
478 2083 556 2148 viros,
576 2083 685 2150 vimque
704 2083 806 2136 addere
824 2086 908 2141 victis.

220 2160 314 2212 Limen
333 2163 393 2212 erat
411 2173 560 2224 caecaeque
578 2157 650 2210 iores
668 2161 698 2210 et
715 2160 824 2225 pervius
842 2177 907 2214 usus

184 2237 328 2297 lectorum
346 2237 418 2290 inter
436 2252 465 2288 se
485 2234 594 2301 Priami,
611 2239 759 2304 postesque
777 2237 865 2290 relicti

185 2317 210 2366 A
230 2317 314 2380 tergo,
332 2313 426 2366 infelix
445 2329 500 2382 qua
518 2329 554 2379 se,
573 2311 639 2364 dam
658 2328 743 2380 regna
760 2313 911 2384 manebant,
1000 2332 1036 2372 aas

185 2391 298 2458 Saepius
319 2391 511 2444 Andromache
531 2389 603 2443 ferre
622 2390 780 2446 incomitata
798 2392 904 2446 solebat

186 2466 232 2520 Ad
250 2481 363 2532 soceros,
382 2471 410 2518 et
428 2482 477 2518 avo
496 2483 611 2535 puerum
634 2469 799 2536 Astyanacta
817 2470 950 2524 trahebat.

185 2542 277 2596 Evado
296 2543 331 2596 ad
350 2543 446 2596 sunrmi
466 2543 576 2610 fastigia
594 2544 726 2610 culminis,
745 2545 818 2599 unde

142 2625 144 2630 “
185 2619 249 2672 uela
268 2637 348 2674 manu
366 2621 458 2673 miseri
477 2621 615 2674 iactabant
634 2622 718 2676 inrita
737 2623 839 2676 Teucri.

185 2696 291 2751 Turrim
309 2698 336 2750 in
355 2697 496 2766 praecipiti
516 2701 635 2752 stantem
655 2701 822 2768 summisque
841 2700 892 2754 sub
910 2703 985 2756 astra
1001 2715 1037 2753 aaa

185 2772 319 2827 Eductam
338 2776 425 2840 tectis,
445 2775 518 2828 unde
536 2777 624 2829 omnis
643 2777 721 2830 Troia
739 2777 826 2830 videri

185 2849 220 2903 Iit
240 2851 362 2906 Danaum
382 2853 477 2906 solitae
496 2871 578 2908 naves
597 2857 625 2907 ct
645 2855 750 2908 Achaia
767 2857 864 2919 castra,

186 2928 320 2996 Adgressi
338 2931 410 2984 ferro
429 2931 538 2996 circum,
558 2948 612 3000 qua
631 2947 735 2984 summa
754 2930 870 2983 labantis

186 3005 330 3060 iuncturas
349 3008 472 3061 tabulata
492 3008 602 3074 dabant,
621 3007 796 3060 convellimus
815 3007 877 3059 altis

186 3081 310 3151 Sedibus,
328 3084 545 3151 inpalimusque;
563 3101 595 3136 ea
613 3083 689 3152 lapsa
707 3087 820 3150 repente
840 3083 945 3136 ruinam
1002 3097 1040 3138 sea

186 3158 255 3212 Cum
273 3161 364 3213 sonitu
382 3160 468 3212 trahit
486 3164 515 3213 et
534 3161 658 3213 Danaum
676 3176 758 3226 supcr
776 3159 883 3233 agmina
902 3157 955 3213 late

187 3233 294 3291 Incidit.
330 3238 385 3290 Ast
402 3235 448 3290 alii
466 3235 590 3302 subeunt,
608 3252 658 3289 nec
677 3251 748 3298 saxa,
766 3250 815 3286 nee
832 3233 917 3287 ullum
